3550 5452
436 595 477 660 ll
689 659 691 666 ,
970 640 974 648 -

437 703 630 770 differentiis
646 704 754 786 specis
767 702 915 777 divorsis,
929 720 1013 787 qnae
1027 703 1194 784 pertinent
1204 703 1286 783 ipsis
1299 702 1409 774 rebus.
1421 704 1509 771 Haec

435 814 526 878 enim
547 815 735 878 sentiuntur
756 813 942 880 secundum
962 830 1035 882 rem
1056 819 1267 893 sequentem
1286 812 1414 884 colmes
1432 829 1509 882 rem

434 943 493 1004 per
503 925 646 1005 primam
657 923 802 1004 speciem
814 930 846 986 et
856 940 916 1002 per
926 940 962 986 se
974 923 1075 1002 ipsos.
1085 925 1209 994 lterum
1219 941 1320 992 causa
1331 924 1437 1003 ipsius
1447 922 1508 992 tai-

436 1032 538 1098 laeiae
549 1034 584 1096 in
597 1033 649 1096 his
662 1033 808 1113 quidem,
823 1049 908 1112 quae
919 1031 1075 1097 videntur
1090 1032 1253 1114 pertinere
1272 1034 1321 1100 rei
1336 1033 1510 1108 videndae,

437 1150 487 1206 est
509 1143 598 1224 quod
617 1161 735 1208 sensus
757 1139 825 1208 noo
852 1142 976 1210 ineidat
1001 1159 1099 1224 super
1118 1141 1312 1217 accidendo,
1327 1160 1411 1222 quae
1425 1142 1510 1206 ecci·

437 1253 522 1316 dunt
534 1271 555 1318 a
567 1253 740 1333 speciebus
756 1251 1031 1317 considerationis
1044 1268 1252 1331 rerumquae
1266 1259 1346 1317 sunt
1358 1251 1509 1340 propriae

338 1419 343 1432 ,
435 1361 501 1438 eis,
522 1363 583 1429 sed
603 1362 722 1426 incidit
747 1379 846 1442 super
868 1361 1050 1430 incidentia
1070 1362 1207 1429 alterius
1230 1361 1270 1428 de
1293 1342 1401 1436 rebus,
1424 1378 1510 1442 quam

436 1472 577 1538 existunt
601 1472 785 1538 secundum
806 1489 879 1537 rem
901 1478 1107 1554 sequentem.
1134 1473 1337 1544 (immersio
1359 1471 1509 1550 fallaciae

436 1584 471 1646 in
486 1583 539 1648 his
554 1601 638 1664 quae
653 1583 843 1648 inferuntur
853 1582 1022 1662 passiones
1034 1591 1163 1664 practer
1174 1597 1247 1652 rem
1258 1582 1446 1656 visendam,
1459 1588 1510 1649 est
1592 1639 1600 1654 .

436 1695 513 1774 quia
533 1713 602 1758 uon
624 1700 764 1774 possunt
790 1694 906 1759 sentiri
931 1711 983 1758 res
1006 1695 1173 1762 subiectae
1195 1694 1267 1761 sine
1288 1691 1507 1759 sensibilitate

434 1821 626 1884 corporum,
641 1819 726 1882 miae
742 1803 789 1868 eis
803 1810 883 1872 sunt
896 1803 1072 1869 continues
1082 1825 1096 1897 ;¹
1106 1804 1195 1883 quod
1210 1821 1278 1868 nou
1296 1802 1418 1872 accidit
1429 1801 1509 1880 quia

436 1921 528 1978 actus
551 1931 666 1978 aarum
687 1912 762 1978 talis
783 1920 832 1980 εει
852 1914 887 1979 in
909 1914 1072 1980 uninomia
1095 1914 1289 1994 corporibus
1304 1914 1387 1981 raris
1404 1911 1508 1983 subti-

435 2024 538 2099 libus,
567 2024 627 2090 sed
655 2023 734 2103 qiua
760 2023 796 2084 id
824 2024 914 2103 quod
942 2025 1049 2104 primo
1077 2025 1194 2098 sentit,
1220 2041 1290 2088 non
1317 2023 1415 2094 debet
1435 2038 1509 2087 esse

435 2132 592 2198 sensibile
621 2133 853 2214 aliquetenus,
882 2134 1162 2212 quemadmodum
1190 2134 1280 2213 quod
1306 2132 1414 2212 primo
1436 2150 1508 2196 mo·

435 2251 503 2318 vet,
525 2261 737 2323 nequaquam
759 2261 830 2308 esse
852 2241 1029 2320 mobilem,
1052 2262 1095 2309 ne
1118 2243 1330 2324 imponamus
1352 2242 1507 2316 omnibus

433 2355 531 2416 rebus
560 2353 771 2434 passionem,
803 2360 837 2415 et
858 2351 944 2415 nihil
971 2370 1009 2416 ex
1031 2353 1079 2415 eis
1107 2358 1241 2424 maneat
1262 2352 1449 2419 secundum
1470 2369 1508 2416 se

434 2466 555 2544 ipsum.
577 2465 642 2528 Res
655 2462 748 2528 enim
763 2481 848 2543 quae
867 2462 940 2526 talis
957 2462 1164 2532 habitudinis
1180 2480 1253 2529 esse
1270 2463 1508 2537 exisb'mantur,

436 2571 651 2640 inveniuntur
677 2572 717 2636 de
745 2571 872 2639 diversa
899 2571 1027 2652 specie,
1056 2572 1166 2638 etsie
1193 2571 1355 2646 delebitur
1383 2571 1509 2654 primus

435 2689 544 2758 actus,
565 2700 642 2746 cum
663 2681 741 2748 finis
762 2682 798 2745 in
820 2681 873 2747 bis
896 2682 995 2747 ducat
1016 2682 1058 2744 ed
1079 2681 1261 2750 infinitum.

477 2793 562 2856 enm
575 2791 675 2871 igitur
691 2790 1062 2864 tarnconsiderarsmus
1078 2791 1247 2864 fallaciam
1263 2789 1362 2872 visus,
1378 2797 1410 2854 et
1426 2789 1508 2860 divi·

435 2902 589 2968 donemus
610 2919 684 2968 eam
706 2901 742 2964 iu
757 2900 850 2967 iliam
866 2917 952 2980 quac
966 2902 1004 2972 iit
1018 2902 1053 2964 in
1068 2901 1236 2982 passione,
1251 2918 1351 2981 qimm
1367 2899 1508 2968 diximus

436 3011 606 3092 propriam
624 3029 695 3096 epse
713 3012 809 3084 visui,
827 3017 860 3075 et
873 3011 908 3077 in
924 3010 1018 3074 ibam
1032 3029 1116 3091 quae
1131 3011 1218 3078 fitin
1235 3011 1509 3088 consideratione,

436 3139 637 3201 exponamus
658 3120 921 3202 unumquodque
947 3122 1102 3186 semotim
1123 3121 1159 3186 in
1180 3121 1320 3202 singuiis
1341 3120 1441 3198 rebus
1462 3121 1509 3184 vi·
1604 3119 1608 3127 '

435 3232 563 3306 dendis,
585 3249 671 3311 quae
692 3230 769 3298 illas
791 3229 990 3310 suscipiunt.
1012 3230 1076 3295 Sed
1093 3231 1270 3311 loquamur
1286 3230 1378 3312 prius
1398 3230 1438 3294 de
1454 3229 1508 3314 his

436 3359 523 3420 quae
543 3341 629 3406 flunt
650 3342 685 3404 in
701 3341 867 3422 passione,
883 3341 1030 3410 dieentes
1043 3343 1134 3421 quod
1147 3342 1343 3422 passionum
1357 3357 1441 3420 quae
1456 3356 1509 3404 ac·

435 3451 551 3516 cidunt
570 3450 669 3526 risui,
690 3451 775 3518 aliae
797 3459 876 3519 sunt
897 3452 1067 3528 coloratio,
1082 3452 1165 3522 elias
1179 3451 1295 3517 fractio
1311 3459 1345 3526 et
1360 3444 1445 3517 eliac¹
1459 3467 1510 3515 re·

435 3559 572 3628 volutio.
588 3559 676 3626 illud
690 3561 780 3628 enim
795 3562 884 3648 quod
899 3560 1051 3634 naturale
1067 3570 1099 3631 et
1112 3562 1153 3626 de
1166 3561 1406 3640 consuetudine
1421 3561 1507 3627 inest

436 3670 533 3746 viani,
548 3676 599 3735 est
615 3670 761 3738 incidere
780 3689 858 3737 eum
875 3690 974 3754 super
991 3690 1045 3736 res
1059 3671 1218 3742 videndas
1232 3689 1353 3754 purum
1368 3671 1508 3734 existen-

435 3787 504 3846 tem
520 3787 552 3846 ει
568 3787 654 3845 recte
669 3781 896 3862 aspicientem,
918 3788 951 3846 ει
967 3781 1210 3851 ordinationem
1227 3789 1380 3855 utrorum
1394 3779 1508 3856 visibi-

436 3889 521 3954 lium
542 3906 705 3958 nouorum
726 3908 799 3958 esne
819 3891 1040 3958 consimilem.
1063 3891 1225 3961 coloratio
1248 3899 1359 3957 autem
1376 3898 1427 3962 est
1441 3891 1509 3972 pri·

436 4000 524 4066 vatio
538 4001 701 4082 puritatis,
715 4001 829 4068 baono
847 4009 958 4070 autem
969 4009 1021 4069 est
1031 4002 1169 4083 privatio
1180 4003 1314 4090 videndi
1325 4020 1397 4067 rem
1409 4008 1510 4078 εεειες

432 4110 597 4178 resolutio
609 4127 685 4178 vero
697 4117 747 4180 eat
759 4112 897 4194 privatio
908 4111 1142 4188 similitudinis
1158 4112 1386 4185 ordinationis.
1399 4112 1511 4188 Unico
