3550 5452
439 572 480 634 96

438 680 649 761 posuerimus
671 681 706 754 t,
719 680 733 742 t
755 696 775 742 a
796 679 917 742 dextris
938 680 1046 755 visus,
1069 683 1167 744 erunt
1182 680 1308 742 lormae
1323 697 1440 743 eorum
1457 681 1515 761 qui
1620 741 1626 750 ,

438 797 517 870 sunt
537 789 571 867 ir,
584 807 632 865 m,
654 807 675 856 a
695 788 814 852 dextris
837 789 976 864 uostris,
997 793 1030 852 et
1043 790 1093 852 sio
1108 788 1310 852 indicabitur
1325 789 1365 852 de
1380 789 1516 852 sinistra

437 903 538 980 parte.
553 899 677 962 l'amen
691 917 760 962 non
774 896 941 962 videbitur
954 895 1019 962 hoo
1033 899 1197 973 eomodo,
1210 899 1517 978 quovidenturres;

438 1023 582 1088 quarum
599 1008 701 1071 iacies
719 1013 798 1070 sunt
812 1008 983 1088 oppositae
998 1009 1133 1084 nostris,
1145 1008 1205 1072 sed
1218 987 1428 1088 putabuntur
1442 1025 1515 1072 esse

438 1117 590 1182 sinistrae
602 1135 688 1196 quae
702 1117 771 1180 sint
781 1119 922 1191 dextrae,
932 1126 1067 1198 propter
1076 1117 1354 1180 consuetudinem
1365 1133 1452 1197 quae
1465 1122 1519 1180 est

439 1225 474 1289 in
491 1227 590 1290 rebus
604 1243 690 1306 quae
703 1244 781 1290 vere
796 1233 874 1288 sunt
886 1227 1056 1307 oppositae
1067 1226 1175 1304 laeiei,
1187 1227 1273 1292 siout
1283 1226 1351 1292 iarn
1364 1225 1519 1288 diximus.

480 1338 519 1398 lit
540 1342 668 1416 oportet
689 1352 727 1400 ex
748 1335 800 1398 his
823 1352 909 1414 quae
931 1333 1095 1412 diximus,
1117 1342 1156 1399 ut
1178 1335 1344 1402 ineurvis
1370 1333 1516 1416 speculis

439 1444 508 1510 sint
527 1443 732 1508 diversitates
763 1443 800 1506 in
829 1459 970 1508 numero
997 1451 1031 1508 et
1051 1445 1217 1524 positione
1244 1451 1278 1508 et
1300 1444 1517 1508 translatione

438 1571 540 1635 propo
560 1571 611 1629 ea,
634 1570 721 1632 quae
742 1552 868 1616 fuerint
888 1553 924 1614 in
947 1554 1048 1618 rebus
1067 1569 1152 1634 quae
1169 1559 1257 1617 reete
1271 1554 1435 1616 videntur.
1456 1552 1516 1615 De·

438 1668 658 1726 monstratum
673 1669 724 1726 est
735 1661 838 1737 enim,
853 1661 943 1742 quod
957 1661 1245 1726 ibiiormaunlus
1259 1663 1392 1726 reinna
1406 1667 1466 1737 est,
1482 1667 1516 1724 et

435 1773 544 1835 torma
557 1789 670 1836 renim
683 1771 901 1834 videndarum
915 1789 1016 1852 supra
1029 1777 1129 1854 eaput
1140 1777 1222 1836 sunt
1234 1770 1316 1848 illio,
1331 1776 1366 1835 et
1378 1768 1517 1850 quando

438 1897 492 1945 res
509 1897 586 1944 vere
606 1877 854 1944 transferuntur
868 1881 910 1944 ad
925 1879 1071 1961 aliquam
1093 1888 1235 1962 partem,
1256 1881 1383 1944 formae
1400 1895 1517 1944 aarum

441 1989 687 2054 transferuntur
707 2007 784 2052 oum
807 1987 872 2052 illis
895 1991 937 2052 ad
959 1991 1100 2054 eandem
1122 1995 1259 2072 partera.
1281 1991 1328 2053 lle
1351 1985 1520 2054 diversita-

441 2099 530 2162 tibus
553 2105 667 2162 autem
689 2117 775 2178 quae
793 2098 879 2162 flunt
893 2101 929 2162 iu
945 2099 1188 2179 quantitatibus
1202 2097 1471 2180 magnitudinum
1485 2107 1520 2162 et

439 2208 692 2282 distantiarum,
722 2215 755 2270 et
782 2208 818 2270 in
848 2205 1061 2288 qualitatibus
1082 2207 1282 2288 figurarum,
1311 2207 1419 2288 maior
1440 2193 1520 2289 pa'rs

438 2333 509 2380 nou
529 2316 631 2379 habet
652 2313 746 2378 illam
767 2315 1011 2392 habitudinem,
1033 2335 1120 2398 quae
1142 2325 1193 2380 est
1206 2318 1241 2379 in
1257 2317 1311 2380 his
1328 2333 1414 2397 quae
1428 2323 1520 2382 rorte

438 2425 602 2499 videntur,
613 2430 746 2504 propter
759 2439 878 2486 oausas
892 2441 978 2506 quae
989 2426 1194 2490 eonveniuut
1207 2423 1418 2506 generalibus
1429 2425 1522 2506 priu-

438 2532 534 2614 oipiis
555 2531 741 2614 praedietis.
771 2533 964 2597 Invenimus
986 2535 1078 2598 enim
1099 2534 1223 2600 formas
1244 2535 1516 2615 magnitudinum

438 2640 630 2722 aequalium
644 2642 680 2704 in
694 2641 851 2704 distantia
862 2649 895 2705 et
905 2643 973 2706 situ
985 2657 1005 2706 a
1017 2643 1117 2706 rebus
1132 2643 1219 2707 veris
1236 2644 1396 2720 minores,
1408 2659 1516 2723 quum

443 2751 557 2830 anguli
585 2751 644 2831 qui
671 2767 727 2814 eas
753 2751 940 2826 continent,
968 2752 1116 2816 minores
1144 2758 1242 2828 sunt,
1269 2758 1304 2816 et
1328 2751 1520 2816 invenimus

438 2859 564 2922 formas
586 2873 655 2923 non
677 2877 808 2941 semper
829 2861 1004 2924 observare
1024 2859 1272 2926 ordinationem
1295 2877 1518 2941 rerumquae

439 2985 536 3032 verae
546 2974 638 3046 sunt3
649 2968 819 3050 proportio
831 2968 922 3034 enim
933 2970 1103 3036 radiorum
1115 2969 1328 3050 obliquorum
1339 2970 1518 3033 adreotum

443 3079 576 3142 radium
597 3096 664 3141 non
683 3077 721 3140 tlt
738 3073 926 3142 necessario
949 3079 1135 3142 seeundum
1152 3076 1383 3142 habitudinem
1400 3095 1521 3142 eorum

441 3187 477 3250 in
496 3189 607 3264 rebus,
621 3203 707 3267 quae
721 3194 809 3252 reste
824 3165 988 3252 videntur.
1006 3187 1041 3250 Si
1055 3188 1154 3252 etiam
1170 3189 1332 3268 quaedam
1344 3189 1386 3252 de
1401 3187 1519 3250 formis

442 3313 556 3360 rerum
578 3303 692 3360 essent
711 3295 747 3368 in
770 3296 876 3376 figura
891 3293 1021 3360 similes
1035 3297 1161 3376 figurae
1175 3297 1225 3360 rei
1239 3311 1324 3378 quae
1336 3296 1469 3361 videtur
1482 3294 1520 3358 iu

443 3410 530 3478 toto,
552 3411 588 3467 et
606 3421 674 3467 non
698 3410 810 3468 essent
837 3399 963 3470 similes
988 3407 1174 3472 seeundum
1200 3407 1310 3472 maim
1337 3412 1372 3470 et
1390 3403 1522 3480 minus,

438 3519 477 3574 ut
495 3513 624 3576 formae
646 3529 760 3576 rerum
781 3531 975 3591 curvarum,
998 3531 1083 3596 quae
1104 3533 1236 3598 semper
1249 3515 1407 3579 videntur
1422 3513 1520 3578 dissi-

405 3664 413 3680 .
438 3620 537 3686 miles
560 3640 580 3683 a
599 3622 714 3703 rehum
735 3619 892 3688 similiter
909 3623 1010 3686 etiam
1024 3631 1058 3688 et
1071 3641 1243 3689 moturae.
1265 3624 1447 3688 Distantiae
1463 3641 1521 3687 au·

440 3738 508 3794 tem
526 3731 680 3794 videntur
701 3732 871 3810 minores3
894 3733 1005 3796 radius
1027 3734 1118 3800 enim
1141 3733 1200 3814 qui
1220 3733 1371 3815 pervenit
1393 3733 1434 3796 ad
1455 3732 1521 3797 ior·

441 3857 549 3917 mam,
570 3840 682 3904 minor
704 3848 756 3905 est
776 3857 876 3922 quam
898 3841 960 3908 ille
982 3844 1040 3923 qui
1061 3843 1211 3925 pervenit
1233 3843 1275 3906 ad
1296 3859 1415 3906 veram,
1430 3859 1519 3918 rem,

443 3957 476 4014 et
498 3951 577 4013 iude
599 3949 801 4016 iudicabitur
816 3951 857 4015 de
878 3969 926 4028 re,
949 3969 1034 4031 quae
1050 3959 1136 4018 reete
1151 3947 1292 4030 videtum
1310 3952 1427 4016 exinde
1442 3968 1521 4032 quo·

442 4077 506 4138 que
539 4059 740 4170 iudicabitur
762 4061 803 4124 de
826 4061 1066 4140 quantitatibus
1088 4069 1121 4126 et
1142 4060 1256 4143 liguris
1278 4069 1311 4126 et
1332 4061 1520 4134 distantiis,

439 4175 613 4248 postquam
636 4169 749 4234 omnia
770 4169 899 4252 reliqua
919 4177 1101 4254 coaequata
1122 4170 1255 4235 fuerint.
