3512 5456
479 606 539 674 tlt

518 719 552 783 Si
572 719 664 784 onim
686 717 896 802 posuerimus
918 721 1026 784 visum
1049 727 1210 802 punotum
1232 741 1252 786 a
1275 723 1338 802 (Μ.
1357 725 1426 799 ret,
1448 729 1480 787 et
1497 724 1545 788 di·

475 825 687 895 stinatianam
708 849 921 894 communem
943 832 1142 911 superficiei,
1166 849 1252 912 quae
1274 835 1393 898 transit
1415 853 1473 916 per
1494 853 1543 900 ra·

350 997 354 1006 .
473 942 566 1006 dium
595 942 735 1006 fractum
762 949 794 1005 et
822 942 1031 1023 superficiem
1053 945 1140 1007 vasis
1162 944 1294 1008 radium
1315 947 1374 1026 qui
1397 947 1542 1026 procedit

474 1053 516 1115 ad
535 1053 719 1132 marginem
741 1055 829 1117 vasis
852 1055 911 1134 qui
933 1059 981 1130 est
1002 1055 1039 1129 t,
1061 1062 1093 1117 et
1115 1061 1166 1118 eat
1185 1057 1297 1120 radius
1319 1058 1384 1120 old
1395 1075 1408 1134 ;
1429 1065 1462 1120 et
1484 1076 1541 1138 po·

473 1165 638 1228 suerimus
660 1181 837 1228 nummum
859 1165 894 1227 in
918 1164 989 1229 loeo
1005 1185 1040 1247 q,
1060 1167 1121 1246 qui
1143 1174 1193 1231 est
1213 1167 1250 1229 in
1271 1167 1427 1232 inferiore
1451 1177 1541 1251 parts
1597 1217 1601 1223 -

472 1276 578 1351 vasis,
608 1276 769 1356 quamdiu
797 1295 854 1340 vas
877 1277 939 1340 erit
959 1293 1123 1353 vacuum,
1151 1295 1311 1342 nummus
1332 1280 1451 1360 utique
1473 1297 1543 1344 non

472 1385 645 1462 videbitur,
668 1388 826 1468 quoniam
847 1388 1013 1454 visibilem
1031 1389 1172 1466 radium,
1187 1391 1246 1471 qui
1264 1396 1376 1472 posset
1390 1392 1432 1454 ad
1445 1391 1543 1456 illum

339 1551 344 1567 ,
471 1503 557 1562 reate
578 1499 768 1578 proaedere,
791 1498 871 1580 tegit
891 1498 977 1564 illud
999 1501 1089 1579 quod
1111 1507 1159 1563 ost
1175 1501 1211 1562 in
1230 1507 1319 1582 parto
1335 1503 1481 1583 punotit
1502 1504 1541 1566 de

472 1623 604 1692 corpore
618 1605 841 1674 instrumenti.
858 1611 939 1674 dum
954 1619 1065 1674 autem
1076 1611 1263 1675 infunditur
1273 1613 1310 1676 in
1321 1631 1398 1676 vase
1410 1620 1541 1679 tantum

472 1717 512 1782 do
533 1701 642 1800 aqua,
664 1735 840 1800 quousque
864 1720 1055 1800 superficies
1077 1722 1149 1784 eius
1172 1729 1318 1786 transeat
1338 1741 1397 1804 per
1417 1722 1541 1788 lineam

378 1903 381 1916 λ
471 1831 547 1932 ψ,
570 1829 708 1893 fleotitnr
729 1829 819 1892 linea
839 1832 905 1894 att
927 1847 1028 1922 super
1049 1832 1171 1896 lineam
1186 1835 1249 1912 qiu*
1272 1851 1338 1915 qua
1360 1833 1536 1900 sublimior

471 1945 520 2004 est
539 1942 605 2016 et,
632 1947 666 2005 et
685 1941 852 2004 videbitur
871 1949 952 2005 tuno
973 1942 1067 2006 loeus
1090 1946 1221 2008 nummi
1243 1961 1343 2026 super
1363 1948 1538 2028 perpendi-

471 2049 617 2116 cularem
640 2051 808 2115 cadentem
830 2069 849 2116 a
869 2059 1033 2134 puuotoq
1056 2071 1154 2134 snper
1175 2053 1239 2129 et,
1261 2063 1300 2118 nt
1319 2057 1537 2136 perpendicu-

470 2161 548 2226 laris
571 2163 626 2243 Περ
653 2179 739 2244 quae
760 2163 911 2242 iungitur
932 2163 1039 2227 lineae
1061 2166 1131 2228 odd
1156 2167 1191 2227 in
1214 2173 1337 2245 punoto
1359 2169 1396 2240 le,
1421 2175 1456 2230 at
1478 2168 1539 2230 erit

471 2273 554 2336 situs
579 2271 672 2336 illius
699 2273 790 2352 quod
811 2271 889 2336 inde
911 2281 1056 2354 apparet,
1073 2292 1172 2356 super
1189 2275 1317 2340 radium
1342 2279 1540 2358 produntum

411 2383 417 2396 ‘
471 2383 600 2478 arian,
622 2387 655 2446 st
676 2389 763 2446 reote
785 2390 975 2448 transeunte
997 2400 1055 2463 per
1076 2393 1237 2464 punotum
1252 2387 1283 2462 t,
1301 2389 1360 2468 qui
1375 2394 1423 2450 est
1439 2388 1540 2451 subli-

470 2493 557 2556 mior
577 2509 654 2556 vora
673 2493 762 2573 linqn
784 2501 817 2558 et
839 2469 1056 2576 {oropinquior
1076 2496 1265 2576 superiloiai
1287 2515 1413 2578 aquae,
1443 2505 1477 2561 et
1498 2499 1541 2562 vi-

469 2601 600 2668 debitur
621 2604 655 2666 in
677 2610 800 2685 puncto
822 2607 851 2667 lt.

511 2715 563 2779 Fit
580 2717 680 2780 stiam
702 2717 868 2795 quantitas
891 2715 1059 2794 ilarionis,
1092 2711 1177 2798 qnae
1200 2717 1318 2782 assidit
1339 2719 1375 2782 in
1397 2738 1485 2800 aqua
1505 2729 1537 2785 et

468 2827 555 2890 eadit
577 2827 838 2901 subinsulsum,
861 2830 1048 2892 secundum
1071 2829 1156 2894 illud
1171 2831 1431 2912 experimentum
1442 2834 1535 2914 quod

468 2935 506 3000 iit
527 2955 585 3019 per
610 2937 781 3018 plancam,
812 2955 912 3018 quam
941 2941 1220 3004 constitueramus
1247 2959 1379 3006 aeream
1401 2945 1441 3006 ad
1464 2961 1535 3024 per-

469 3050 647 3113 serutanda
667 3067 706 3112 es
727 3063 812 3130 quae
836 3051 875 3113 de
898 3051 1055 3130 spatulis3
1085 3052 1120 3113 in
1144 3069 1210 3134 qua
1232 3054 1454 3117 constituatur
1473 3055 1536 3118 eir-

468 3161 565 3224 oulus
578 3161 665 3239 oqu
681 3159 743 3240 (Μ.
760 3160 815 3235 80)
838 3177 939 3241 super
960 3169 1111 3226 osntrum
1125 3181 1155 3238 e,
1175 3171 1206 3227 st
1225 3164 1455 3244 protrahantur
1470 3167 1537 3230 duo

468 3271 617 3334 diametri
640 3279 787 3334 sanantes
808 3289 845 3335 ss
868 3273 1010 3336 inviosm
1032 3275 1073 3336 ad
1094 3281 1200 3336 reatos
1222 3275 1371 3355 angulos,
1393 3274 1539 3340 videlieet

467 3399 544 3461 aeq,
566 3383 645 3456 ted,
669 3387 703 3444 et
722 3382 890 3446 dividatur
910 3399 1132 3464 unaquaeque
1156 3391 1275 3466 quarta
1297 3403 1371 3466 pars
1394 3403 1452 3467 per
1472 3403 1535 3451 no-

466 3491 600 3571 naginta
619 3497 728 3572 partes
751 3493 927 3574 aequales,
949 3501 984 3557 st
1005 3501 1147 3574 ponatur
1168 3513 1268 3576 snper
1289 3503 1443 3562 centrum
1465 3515 1534 3563 ms·

467 3603 603 3683 gnitudo
633 3603 796 3682 quasdam
824 3603 917 3668 raldo
944 3623 1043 3685 parva
1069 3604 1213 3669 colorata
1234 3606 1385 3688 quolihst
1406 3608 1537 3682 colors,

466 3718 499 3774 et
525 3711 745 3776 eonstituatur
772 3713 889 3793 planos
918 3720 1039 3777 ereata·
1054 3733 1152 3795 super
1174 3715 1297 3796 pelvim
1317 3733 1475 3797 parram,
1504 3723 1537 3781 et

465 3822 661 3886 infundatur
677 3823 726 3886 ibi
748 3840 835 3904 aqua
858 3825 965 3899 alara,
995 3833 1028 3889 ot
1056 3825 1097 3888 sit
1125 3827 1311 3891 moderatae
1341 3828 1535 3906 quantitatis

467 3932 554 3996 visui
573 3933 793 4014 penetrabilis,
817 3935 926 4018 sitque
944 3936 1049 4000 divisa
1064 3936 1252 4016 snpsrfioies
1267 3919 1415 4018 plancas,
1432 3945 1537 4002 aresta

466 4059 564 4124 super
585 4051 690 4124 aquas
712 4046 920 4128 superfloiem
943 4049 983 4110 ad
1007 4052 1112 4110 rsotos
1136 4048 1286 4128 angulos,
1301 4049 1461 4112 medietas
1478 4055 1556 4138 a'u-⁸

466 4160 534 4217 tam
553 4154 685 4232 oirouli,
707 4173 793 4240 quas
815 4161 864 4224 est
882 4158 962 4242 *hqd
984 4163 1051 4221 tota
1073 4158 1116 4228 sit
1136 4159 1224 4230 inira
1245 4177 1378 4251 aquam,
1398 4167 1431 4224 st
1448 4161 1534 4224 nihil
