3550 5452
1290 583 1334 648 65

253 691 402 773 singulos
424 695 566 773 punctos
588 691 726 773 speculi.
750 693 856 756 Locus
879 699 991 758 autem
1013 693 1152 758 obvians
1174 694 1222 770 ei,
1246 694 1337 759 nihil

255 801 508 884 comprehendit
525 803 565 866 de
581 802 790 882 longitudine
807 803 965 880 laterum,
983 821 1069 884 quae
1086 803 1258 868 continent
1274 821 1335 868 an·

253 911 369 992 pulum
391 912 674 976 reverberationis.
696 913 764 977 lirit
785 929 863 993 ergo
883 913 941 978 hic
961 912 1105 994 angulus
1122 912 1332 978 insensibilis

251 1021 450 1098 necessario,
462 1039 539 1084 cum
555 1021 591 1084 in
609 1023 723 1104 aliquo
736 1041 803 1086 non
820 1022 931 1086 obviat
945 1023 1038 1088 radio
1053 1023 1112 1102 qui
1127 1022 1214 1086 cadit
1228 1039 1330 1102 super

255 1130 437 1212 speculum.
461 1131 528 1194 Erit
548 1131 649 1212 igitur
667 1138 700 1196 et
716 1132 868 1213 angulus,
888 1131 946 1213 qui
963 1131 1041 1196 inde
1059 1132 1098 1194 llt
1114 1130 1332 1206 insensibilis,

257 1249 289 1304 et
300 1240 381 1322 quia
389 1247 500 1320 partes
511 1240 683 1304 radiorum
695 1240 787 1306 solae
800 1249 975 1306 remanent
986 1257 1085 1322 super
1096 1241 1215 1306 faciem
1226 1241 1334 1322 ipsius

254 1349 399 1431 speculi,
419 1368 498 1414 cum
518 1349 626 1414 facilis
649 1351 693 1414 sit
715 1351 855 1415 scientie
875 1351 1010 1416 habitus
1033 1352 1124 1427 eins,
1143 1369 1260 1416 rursus
1277 1367 1333 1414 co·

256 1461 427 1540 gnoscitur
444 1459 522 1523 inde
540 1459 644 1536 locus,
661 1477 761 1540 quem
779 1461 820 1526 de
838 1459 974 1543 speculo
991 1461 1280 1542 comprehendunt
1297 1459 1332 1522 hi

254 1570 351 1646 redii3
373 1577 407 1632 et
427 1570 587 1651 qnoniam
602 1570 787 1652 procedunt
801 1589 821 1634 a
834 1571 910 1634 risu
923 1570 1217 1653 perpendiculares
1232 1588 1333 1652 super

255 1677 438 1760 speculum,
459 1679 568 1744 forme
585 1680 648 1744 erit
670 1681 856 1744 secundum
875 1681 1125 1762 proportionem
1143 1680 1193 1746 rei
1211 1680 1332 1744 conni-

257 1795 346 1854 tutae
358 1789 400 1852 ab
412 1796 548 1870 aspectu
562 1789 621 1871 qni
636 1797 723 1854 recte
736 1791 786 1867 flt;
805 1790 1072 1872 unumquodque
1087 1791 1179 1855 enim
1192 1790 1331 1854 istorum

257 1899 389 1964 videtur
407 1917 510 1982 snper
528 1898 837 1980 perpendicularem
857 1900 1032 1964 cedentem
1045 1918 1147 1982 super
1159 1898 1332 1982 pupillum.

257 2009 452 2073 musenim
467 2008 528 2089 qui
543 2016 718 2084 transeunt
733 2023 792 2090 pen
806 2009 1033 2090 aspicientem,
1047 2010 1336 2090 etprotenduntnr

257 2119 299 2184 ed
316 2118 478 2201 pupillam
493 2137 513 2182 n
527 2119 701 2200 principio,
717 2119 814 2183 cuius
832 2118 952 2202 positio
971 2125 1022 2184 est
1038 2118 1129 2182 intus
1144 2135 1243 2200 super
1257 2136 1332 2182 cen·

257 2235 346 2292 trum
351 2228 478 2308 ‚figurae
489 2227 690 2309 sphaericae,
702 2228 786 2291 flunt
796 2245 915 2292 omnes
923 2227 1215 2310 perpendiculares
1229 2244 1329 2310 super

257 2337 403 2420 pupillae
425 2337 649 2419 superficiem,
675 2356 760 2419 qnae
779 2334 919 2420 suscipit
935 2345 1090 2404 naturam
1105 2337 1196 2400 curvi
1207 2335 1335 2417 speculi

260 2465 337 2512 cum
359 2447 466 2528 ligura
488 2453 522 2511 et
542 2447 679 2512 lenitate
701 2466 776 2525 sue;
799 2457 832 2512 et
852 2449 916 2512 hac
938 2447 979 2512 de
1001 2465 1102 2512 cause
1123 2447 1191 2528 epti
1216 2463 1334 2510 sumus

259 2556 462 2638 suscipiendi
483 2558 608 2621 formas
631 2575 755 2632 rerum,
776 2559 863 2622 sicut
882 2557 975 2622 visus
996 2557 1193 2638 suscipiunt,
1216 2557 1274 2636 qui
1293 2557 1335 2620 ad

259 2665 401 2730 invicem
419 2675 499 2730 sunt
520 2667 669 2748 oppositi.
698 2667 862 2742 Quoniam
883 2685 961 2732 cum
983 2666 1225 2742 reverberatio,
1248 2683 1334 2746 qnae

262 2777 398 2858 deberet
418 2777 492 2842 fleri
514 2778 654 2842 erebus
675 2777 827 2842 videndis
850 2778 892 2842 ad
913 2776 1057 2858 pupillas
1079 2776 1264 2842 secundum
1286 2776 1335 2839 di·

261 2890 442 2952 rectionem
464 2895 498 2952 et
515 2886 758 2968 oppositionem
780 2885 940 2950 translata
960 2887 1003 2949 eit
1023 2886 1066 2950 ad
1087 2884 1239 2966 specula,
1261 2902 1337 2948 con·

258 3005 366 3062 servat
387 2998 489 3060 situm
511 2997 570 3078 qui
591 2997 686 3060 fleret
707 3015 727 3060 e
748 2995 887 3076 pupillis
908 2995 944 3058 in
966 2995 1049 3077 ipsis
1076 2996 1189 3070 rebus,
1216 3000 1250 3058 et
1275 2995 1339 3057 erit

257 3106 313 3170 hic
327 3107 469 3171 obviatio
484 3104 606 3182 lineae,
621 3124 706 3187 quae
720 3106 824 3168 avisu
838 3103 989 3184 procedit
1003 3121 1081 3167 cum
1097 3103 1214 3166 eodem
1229 3103 1335 3175 radio,

258 3220 316 3298 qui
339 3224 387 3282 est
408 3216 456 3280 ibi
477 3217 566 3280 inter
586 3215 747 3297 pupillam
770 3222 802 3278 et
823 3231 896 3278 rem
910 3213 1105 3290 videndam
1120 3213 1206 3276 sicut
1219 3211 1338 3274 accidit

258 3327 293 3390 in
317 3328 426 3404 rebus,
451 3345 534 3409 ques
557 3334 714 3408 apparent
735 3326 776 3388 ad
799 3324 943 3388 invicem
961 3322 1141 3406 oppositae,
1158 3339 1235 3386 cum
1253 3320 1339 3386 ceci·
1425 3347 1429 3354 ·

262 3437 348 3502 derit
367 3438 459 3500 visus
481 3453 582 3517 super
604 3435 780 3516 speculum
801 3435 843 3498 ad
864 3442 972 3498 rectos
994 3433 1151 3514 angulos,
1170 3440 1204 3495 et
1224 3431 1340 3496 refrin-

260 3547 348 3626 gitur
367 3547 402 3610 in
423 3565 460 3610 se
482 3546 604 3629 ipsum.
628 3546 696 3608 Erit
717 3545 809 3610 enirn
828 3552 933 3608 nutus
946 3542 1049 3619 illius,
1067 3561 1087 3608 a
1104 3559 1171 3624 quo
1188 3542 1227 3605 flt
1241 3559 1340 3623 eppa*

260 3657 336 3719 ritio
358 3657 418 3730 rei,
439 3672 529 3720 unus
550 3655 586 3718 in
608 3671 750 3718 numero
774 3661 807 3718 et
829 3654 907 3730 situ,
929 3655 988 3735 qui
1007 3653 1092 3718 situs
1116 3659 1166 3718 est
1187 3649 1257 3728 ille,
1280 3667 1339 3732 per

262 3783 363 3846 quem
384 3766 421 3828 lit
443 3764 588 3828 directus
612 3781 713 3845 super
734 3763 907 3844 speculum
930 3771 963 3827 et
985 3761 1147 3845 pupillam
1169 3762 1339 3826 adrectos

261 3874 417 3954 angulos,
440 3881 472 3940 ot
493 3875 557 3940 erit
578 3873 656 3937 inde
683 3880 837 3953 aspectus
858 3874 909 3936 rei
931 3870 1049 3955 duplex
1070 3877 1105 3936 et
1125 3869 1278 3934 diversus
1300 3868 1337 3932 in

261 3985 474 4066 proportione
498 3991 531 4049 et
551 3985 690 4060 virtute,
713 3982 795 4048 alter
816 3983 953 4064 quidem
975 3981 1085 4047 avion
1103 3981 1234 4044 adrem
1251 3993 1338 4058 quae

262 4100 413 4176 apparet,
437 4093 519 4160 alter
541 4111 619 4158 vero
643 4112 662 4155 a
685 4111 719 4156 re
742 4093 828 4180 quae
850 4098 986 4176 apparet
1007 4089 1049 4154 ad
1070 4090 1189 4154 visum.

1292 4228 1308 4281 t
