3512 5456
433 549 492 616 156

430 679 513 740 quaa
541 663 579 736 iit
601 681 620 724 a
640 663 801 742 speculis;
829 664 864 724 in
896 664 1146 744 quantitatibus,
1161 667 1270 730 alitem
1297 667 1496 745 angulorum

429 792 495 836 nnn
518 775 565 835 ita
586 774 637 846 fc,
659 774 819 852 quoniam
840 774 1021 854 aequalitas
1042 793 1157 838 eorum
1176 793 1243 838 non
1258 783 1427 857 permanet
1441 777 1494 840 hic

430 884 614 948 secundum
635 884 786 946 habitum
808 885 896 960 eius;
920 886 1128 964 dignoscetur
1149 889 1332 967 responsio,
1356 896 1387 950 et
1409 889 1496 967 quod

429 995 614 1058 recusario
644 1002 769 1074 oportet
785 996 843 1057 ‚sic
871 997 941 1057 fleri
965 1013 1023 1076 per
1045 1014 1083 1058 aa
1116 1014 1200 1076 quae
1227 999 1495 1078 exposuerimus,

399 1123 402 1130 ’
428 1122 467 1166 ax
494 1105 613 1184 quibus
639 1105 851 1184 dignoscetur
877 1107 975 1168 etiam
997 1123 1048 1168 ras
1070 1107 1266 1180 mirabilior,
1289 1108 1441 1172 videlicet
1466 1117 1499 1170 et

429 1233 545 1280 cursus
567 1222 703 1278 naturae
725 1215 759 1278 io
783 1217 1013 1280 conservandis
1037 1217 1162 1280 actibus
1183 1218 1322 1280 virtutis.

472 1325 552 1391 Gum
580 1325 670 1389 enim
700 1326 889 1400 distinctio,
918 1327 951 1388 in
981 1344 1046 1407 qua
1075 1327 1112 1388 fit
1138 1326 1194 1391 hic
1223 1336 1333 1390 motus
1359 1328 1497 1390 visibilis

430 1437 512 1500 radii
540 1437 579 1500 ad
606 1436 839 1518 superficiem,
869 1437 907 1500 de
937 1455 1002 1516 qua
1031 1438 1069 1499 dt
1098 1437 1234 1512 fractio,
1257 1445 1289 1500 et
1309 1437 1379 1501 illic
1403 1439 1439 1500 fit
1461 1457 1500 1502 ax

430 1547 601 1628 naperficie
623 1548 698 1619 ista,
720 1549 811 1610 decet
832 1547 909 1610 inde
934 1555 969 1608 ut
991 1548 1085 1610 nohis
1107 1547 1246 1621 videtur,
1268 1548 1341 1613 fleri
1362 1548 1417 1610 llic
1439 1549 1500 1612 ira·

429 1660 573 1722 ctionem
607 1657 752 1738 aliquam
783 1657 965 1720 secundum
1001 1649 1216 1722 directionem
1251 1657 1497 1739 perpendicula·

428 1771 531 1843 num,
553 1768 622 1832 illic
644 1786 719 1832 voro
741 1768 814 1832 fieri
833 1769 1027 1832 ,fractionem
1050 1768 1219 1832 maiorem.
1241 1769 1322 1832 lium
1341 1769 1499 1834 deberent

430 1880 550 1944 alterae
571 1895 686 1942 aarum
707 1895 898 1959 permanere
922 1879 956 1940 in
979 1895 1177 1959 unaquaque
1199 1879 1337 1942 istarum
1359 1879 1499 1942 duarum

431 1989 634 2071 specierum,
657 1997 689 2052 et
705 1989 831 2052 moveri
850 2007 950 2069 supra
967 2007 1069 2052 unam
1087 1988 1210 2054 lineam
1228 1996 1351 2053 rectam
1371 1999 1500 2071 propter

432 2101 647 2173 divisionem,
676 2117 760 2179 quae
788 2101 824 2162 fit
852 2100 1035 2163 secundum
1065 2099 1296 2179 aequalitatem
1325 2101 1406 2164 recti
1438 2117 1498 2163 an-

432 2209 515 2290 guli,
540 2212 596 2274 sed
617 2211 671 2272 hic
690 2212 846 2290 quoniam
864 2209 927 2272 hoc
942 2209 979 2271 fit
993 2217 1125 2290 propter
1140 2209 1282 2284 validam
1297 2210 1501 2283 fractionem,

431 2339 515 2402 quae
539 2339 605 2384 non
628 2328 741 2384 manet
757 2322 795 2382 'in
819 2320 933 2382 habitu
956 2339 1033 2394 suo,
1056 2338 1095 2384 oo
1115 2321 1203 2400 quod
1220 2320 1255 2382 in
1270 2321 1501 2385 reverberatio·

432 2433 529 2496 nibus
551 2429 709 2513 possibile
732 2438 782 2494 est
803 2432 977 2494 transitum
1000 2431 1071 2494 fleri
1093 2431 1126 2492 in
1152 2433 1199 2494 eis
1222 2449 1298 2494 cum
1321 2430 1500 2503 elevamur,

432 2541 682 2608 inflexionibus
709 2549 818 2604 autem
848 2542 910 2604 hoc
933 2561 999 2604 non
1023 2542 1082 2616 fit,
1111 2542 1267 2621 quoniam
1295 2541 1499 2622 impossibile

432 2661 482 2716 est
503 2653 695 2715 fractionem
717 2670 908 2732 permanere
931 2654 1114 2714 secundum
1137 2653 1377 2732 oppositionem
1399 2658 1431 2716 et
1448 2653 1500 2714 di-

433 2763 626 2838 rectionem
650 2769 777 2842 oportet
799 2763 874 2826 inde
897 2763 968 2826 fieri
992 2762 1046 2825 hic
1069 2763 1261 2825 fractionem
1283 2763 1443 2824 maiorem
1463 2779 1500 2824 ex

433 2874 487 2936 his
514 2891 597 2954 quaa
626 2873 710 2936 flunt
731 2875 764 2936 in
790 2874 941 2936 maximis
970 2873 1133 2934 distantiis
1155 2871 1499 2953 perpendicularium,

434 2982 503 3047 illic
525 3002 602 3046 vcro
625 2985 778 3048 minores.

474 3096 510 3156 lit
529 3112 644 3158 rursus
664 3095 746 3174 quia
767 3095 801 3156 in
825 3095 1142 3158 reverberationibus
1159 3102 1246 3158 esset
1261 3095 1428 3174 quantitas
1444 3111 1499 3156 an·

433 3204 600 3284 gaiorum,
625 3223 683 3284 per
704 3221 802 3284 quam
825 3205 863 3266 fit
884 3205 1023 3283 angulus
1047 3212 1219 3267 contentus
1238 3223 1275 3266 ex
1292 3204 1399 3278 lineis,
1417 3221 1501 3284 quae

432 3317 631 3395 propinquae
661 3322 739 3378 sunt
766 3315 1049 3395 perpendiculari,
1079 3322 1110 3377 et
1136 3314 1244 3378 lineae
1267 3313 1401 3394 proclivi
1416 3363 1431 3403 ,ς
1446 3333 1501 3376 aa·

434 3423 543 3504 qualis
566 3423 700 3502 angulo,
723 3443 820 3507 quam
843 3426 1014 3488 continent
1036 3425 1142 3487 lineae
1163 3431 1347 3486 remotaea
1362 3421 1500 3504 perpen-

433 3531 570 3596 diculari
593 3539 625 3594 et
648 3550 666 3594 a
687 3531 778 3596 linea·
790 3532 938 3613 proclivi;
963 3540 1090 3612 oportet
1105 3532 1219 3595 exinde
1235 3532 1271 3593 in
1287 3531 1427 3594 flexione
1444 3549 1499 3592 an·

434 3641 547 3721 gulum
575 3648 766 3706 contentum
798 3661 817 3704 a
844 3642 940 3706 lineis
969 3643 1163 3724 propinquis
1185 3641 1447 3722 perpendiculari
1470 3647 1502 3704 et

433 3751 539 3822 linoae
562 3751 697 3832 proclivi
719 3753 983 3834 aequalem‘esse
1006 3752 1143 3832 angulo,
1166 3769 1265 3832 quem
1287 3769 1399 3814 nusus
1421 3769 1500 3814 con·

434 3863 540 3927 tinem
561 3862 684 3944 linoae,
710 3881 794 3942 quae
817 3871 988 3928 transeunt
1008 3882 1066 3944 per
1088 3864 1268 3934 sectionem
1290 3860 1502 3942 perpendicu-

434 3972 511 4038 laris
535 3981 568 4036 et
589 3973 695 4039 lineae
718 3973 887 4053 proclivis,
910 3976 956 4036 ita
976 3973 1147 4037 videlicet:
1172 3973 1366 4036 arbitremur
1387 3989 1502 4052 super·

434 4085 543 4149 ficiem
572 4083 705 4165 dequo
734 4083 772 4148 ru
800 4085 940 4159 fractio„
953 4093 985 4148 et
1016 4082 1262 4148 distinctionem
1292 4099 1502 4146 communem
