3550 5452
1261 588 1301 650 77

226 696 334 776 sitque
354 693 508 769 detulit,
532 699 564 756 et
590 691 825 774 protrahantur
848 711 867 756 a
888 694 1019 774 ponetis
1034 696 1070 770 ct,
1085 711 1147 769 aa
1159 713 1301 776 perpen-

227 804 390 869 diculares
411 806 477 886 dp,
498 821 565 879 em,
586 806 622 882 [ι
643 819 743 884 super
768 820 861 866 axem
883 804 937 884 lq,
960 810 993 868 et
1013 803 1239 905 producantur
1261 806 1302 868 ad

228 915 328 979 aliam
349 920 495 994 partem,
520 929 694 994 quousque
716 913 898 992 iungantur
919 930 997 976 oum
1019 913 1150 993 punotis
1172 915 1210 990 u,
1227 921 1254 990 t,
1267 913 1303 992 lt,

228 1031 260 1089 et
281 1023 523 1090 transferantur
542 1029 629 1086 reete
652 1030 686 1087 et
707 1022 872 1086 dividatur
887 1039 1108 1104 unaquaequo
1122 1023 1163 1086 de
1178 1026 1231 1097 dt,
1245 1023 1302 1099 lc,
1391 1027 1403 1054 ⁸

229 1135 314 1198 siout
335 1151 380 1216 qp
403 1139 436 1198 et
457 1147 679 1214 unaquaeque
697 1131 737 1195 de
751 1134 817 1206 lto,
830 1150 873 1194 rr
887 1130 974 1196 siout
987 1136 1024 1212 sa
1042 1139 1075 1197 et
1088 1144 1122 1196 st
1138 1134 1224 1197 siout
1237 1151 1302 1198 em.

227 1245 321 1310 Visus
344 1261 421 1324 ergo
442 1262 462 1306 a
483 1242 606 1306 videbit
627 1244 648 1306 d
669 1242 805 1322 quidem
831 1259 931 1323 super
952 1243 980 1319 l,·
1001 1243 1021 1306 t
1041 1261 1119 1307 vero
1149 1261 1248 1325 super
1272 1263 1304 1319 o,

230 1359 261 1415 et
280 1371 296 1416 e
318 1363 417 1432 super
438 1369 485 1427 m,
509 1357 540 1414 et
563 1360 695 1430 tsuper
716 1369 745 1425 a,
768 1356 801 1412 et
822 1369 841 1412 z
864 1367 963 1430 super
983 1369 1018 1426 r,
1041 1359 1073 1414 et
1097 1353 1119 1413 lt
1144 1370 1245 1432 super
1269 1371 1303 1415 a.

232 1459 438 1524 Manifestum
461 1466 510 1525 est
531 1478 630 1542 ergo,
651 1458 741 1541 qnod
762 1457 853 1522 linea
874 1475 1018 1524 concava
1038 1467 1127 1536 tota,
1148 1479 1233 1542 quae
1255 1467 1308 1526 est

232 1587 331 1651 super
356 1570 514 1648 destiti,
542 1568 706 1632 videbitur
734 1585 833 1650 super
853 1567 978 1633 lineam
1000 1585 1198 1648 oonoavam,
1220 1587 1306 1650 quae

232 1679 347 1743 transit
368 1682 428 1760 pe'r
440 1685 581 1762 punotos
597 1681 749 1744 lmrose.
765 1679 889 1742 Aouidit
906 1686 1018 1744 autern
1032 1679 1068 1742 in
1083 1678 1182 1744 lineis
1197 1681 1309 1744 ourvis

232 1787 342 1852 simile
364 1791 395 1852 ei
418 1789 508 1870 quod
530 1789 683 1852 diximus.

275 1901 543 1976 Demonstratum
566 1907 615 1964 est
637 1917 728 1980 ergo,
750 1899 841 1979 quod
861 1897 947 1962 illud
963 1898 1053 1980 quod
1067 1915 1144 1964 oum
1158 1900 1308 1979 utrisque

232 2007 336 2074 oeulis
367 2008 425 2073 tali
452 2011 551 2073 modo
580 2010 727 2084 videtur,
756 2007 853 2072 dehet
880 2009 984 2072 videri
1006 2009 1041 2072 in
1061 2009 1194 2088 duobus
1221 2007 1305 2074 loeis

236 2120 302 2182 sive
326 2120 518 2200 disgregatis
540 2119 609 2184 sive
632 2118 835 2194 coniunctis,
858 2135 935 2182 oum
953 2119 1178 2199 aspexerimus
1192 2135 1311 2182 securis

237 2230 316 2292 dum
344 2230 587 2310 oppositionem
617 2229 658 2292 ad
684 2228 834 2292 eamdem
860 2233 989 2310 partem
1010 2229 1082 2292 sine
1105 2227 1218 2309 aliquo
1239 2229 1309 2292 lae-

235 2339 331 2404 dente
353 2345 534 2422 aspeetum.
556 2339 679 2404 Natura
701 2337 792 2402 enim
810 2336 1036 2402 sensibilitatis
1054 2350 1131 2400 oum
1150 2339 1223 2402 eius
1238 2355 1311 2403 mo·

143 2463 152 2480 ·
238 2456 293 2512 tus
315 2448 356 2513 ad
377 2448 548 2512 universas
576 2456 685 2528 partes
713 2447 815 2512 nimis
838 2454 953 2512 acutus
974 2448 1038 2522 sit,
1060 2447 1204 2511 volritur
1223 2450 1313 2514 eirea

123 2586 127 2598 ·
237 2566 339 2622 totam
370 2557 659 2640 magnitudinem,
693 2566 725 2622 et
756 2559 858 2620 utitur
890 2557 1124 2622 coniunctione
1158 2565 1312 2623 utrorum

236 2669 346 2732 axium
374 2669 409 2731 in
438 2668 532 2731 valde
561 2667 693 2732 modico
725 2674 893 2748 tempore,
924 2685 1002 2731 oum
1029 2665 1226 2743 velocitate,
1256 2667 1311 2732 oui

238 2779 332 2842 nulla
353 2787 403 2842 est
423 2778 558 2857 similis;
581 2786 612 2841 et
632 2777 719 2841 siout
746 2777 784 2841 fit
811 2777 849 2840 in
876 2776 1173 2858 comprehensione
1199 2795 1313 2843 rerum

237 2894 439 2954 remotarum
461 2890 496 2950 in
519 2887 701 2968 aperitione
721 2886 910 2961 oculorum,
926 2887 973 2951 ita
988 2887 1027 2950 dt
1039 2889 1139 2950 etiam
1153 2887 1314 2952 veloeiter

238 2999 273 3061 in
295 2998 497 3062 revolutione
517 2998 610 3060 visus
624 3016 684 3078 per
699 3013 833 3060 omnem
855 2995 1122 3076 magnitudinem
1135 2995 1314 3060 videndam
1331 3057 1332 3062 ,

240 3124 315 3170 oum
337 3106 554 3172 translatione
576 3107 717 3170 duorum
740 3105 850 3170 axium
866 3105 907 3168 ad
922 3103 1034 3185 plures
1050 3110 1158 3185 partes
1174 3105 1223 3166 rei
1239 3106 1315 3170 sub·
1383 3173 1388 3178 ,

242 3217 360 3292 iselae,
383 3233 556 3298 quousque
578 3234 695 3280 sensus
716 3216 761 3280 sit
782 3233 859 3278 oum
874 3222 941 3280 toto
958 3221 991 3278 et
1005 3231 1083 3278 oum
1099 3215 1250 3296 partibus
1265 3214 1315 3278 in·

243 3326 353 3392 simul.
375 3329 486 3390 Partes
513 3344 592 3390 vero
629 3368 1315 3392 .................

245 3547 307 3610 erit
328 3545 506 3621 distantiis,
529 3564 569 3610 eo
592 3547 681 3628 quod
702 3544 854 3610 debilitas
877 3563 1038 3612 sensuum
1059 3544 1135 3626 plus
1157 3543 1195 3607 nt
1215 3561 1321 3626 penes
1425 3619 1427 3626 Ι

246 3657 526 3722 coniunctionem.

288 3768 521 3832 Universaliter
547 3767 638 3831 enim
667 3784 744 3831 oum
771 3759 914 3831 visibilis
942 3763 1070 3840 radius,
1087 3763 1219 3844 quando
1234 3763 1321 3827 eadit

247 3894 347 3958 snper
373 3895 426 3941 res
454 3877 614 3942 videndas
642 3877 738 3942 aliter
768 3892 867 3956 quam
896 3875 985 3940 inest
1013 3874 1044 3938 ei
1073 3874 1113 3936 de
1141 3879 1322 3936 naturast

248 3988 514 4064 consuetudine,
543 3987 655 4052 minus
684 3985 785 4052 sentit
807 4003 923 4050 omnes
946 3983 1153 4048 diversitates
1176 3981 1320 4062 quaein

247 4096 295 4161 eis
318 4105 412 4176 sunt,
436 4098 590 4163 simililer
607 4097 707 4162 etiam
731 4097 793 4162 erit
815 4093 1020 4160 sensibilitas
1041 4093 1113 4159 einr
1137 4093 1176 4157 de
1195 4091 1331 4156 distans:
