3512 5456
1260 594 1317 656 123

244 705 388 766 transeat
407 717 467 781 per
488 706 629 780 puntunr
653 702 673 763 d
696 700 978 782 perpendicularis
1005 705 1104 784 super
1131 703 1189 778 td,
1217 711 1250 766 et
1276 702 1319 766 sit

244 812 322 886 tait,
345 818 376 876 et
394 813 461 874 sint
475 813 558 874 duae
574 811 682 874 tineae
701 813 871 892 oppositae
885 812 1100 892 permutatim
1117 821 1265 878 secantes
1281 832 1317 878 se

243 921 383 984 invicem
406 921 493 996 kdz,
517 923 603 998 tam.
628 922 707 984 Cum
726 923 827 1002 igitur
843 923 1111 989 constituerimus
1128 933 1201 986 ztm
1220 941 1320 1004 super

242 1029 324 1108 loca,
342 1032 485 1112 adquae
501 1032 683 1112 inspicitur,
696 1041 795 1096 erunt
810 1039 941 1113 propter
957 1032 1121 1114 principia
1132 1041 1319 1114 praetaxata

243 1140 349 1203 iorma
367 1143 500 1222 quidem
518 1161 537 1204 z
556 1160 657 1222 penes
674 1151 837 1224 punctum
854 1143 884 1217 t,
902 1144 1008 1208 forma
1024 1151 1134 1207 autem
1149 1154 1160 1204 t
1173 1162 1275 1224 penes
1288 1145 1319 1220 h,

244 1259 277 1312 et
298 1252 404 1314 forma
425 1272 456 1314 m
479 1253 514 1314 in
538 1261 660 1333 puncto
683 1255 708 1328 i‚·
731 1253 854 1315 cadunt
877 1254 968 1316 enirn
985 1255 1096 1316 interl
1113 1261 1144 1320 et
1161 1256 1193 1330 b,
1211 1255 1319 1318 eterit

243 1379 359 1426 aarum
382 1363 536 1426 distantia
554 1363 595 1425 ah
613 1382 627 1424 a
645 1362 754 1426 minor
772 1381 872 1442 quam
891 1365 942 1439 ei,
962 1371 994 1426 et
1009 1364 1071 1428 erit
1085 1364 1190 1427 multo
1208 1365 1319 1426 minor

243 1490 346 1552 quam
375 1473 532 1538 distantia
564 1485 676 1536 rerum
709 1474 943 1548 videndarum,
965 1493 1066 1555 super
1092 1493 1174 1554 quas
1202 1475 1319 1538 incidit

243 1583 481 1657 reverberatio,
513 1591 549 1645 ut
574 1585 629 1656 eb,
664 1585 733 1659 buu
764 1593 796 1669 et
822 1584 1036 1648 manifestum
1067 1594 1115 1648 est
1143 1585 1233 1664 quod
1259 1603 1318 1647 an-

242 1691 339 1772 gulus
360 1694 441 1768 aba,
463 1711 538 1756 cum
561 1694 661 1756 fuerit
683 1693 806 1756 divisus
830 1695 864 1756 in
889 1695 970 1756 duas
992 1695 1186 1756 medietates
1206 1713 1264 1776 per
1281 1694 1319 1758 ii-

243 1821 340 1868 neam
363 1804 420 1879 td,
444 1805 507 1866 erit
528 1805 566 1866 bt
588 1805 673 1867 sicut
696 1806 742 1868 tt
760 1811 791 1867 et
808 1809 845 1868 dt
868 1806 1024 1881 emutatis,
1037 1813 1069 1867 et
1086 1806 1150 1868 erit
1166 1805 1257 1868 linea
1275 1807 1318 1868 ba

201 1913 348 1991 ‚maior
370 1931 470 1994 quam
493 1914 548 1990 tt,
571 1916 1058 1994 zdveromaiorquamdic,et
1076 1915 1140 1978 erit
1156 1915 1316 1978 lineatim
1375 2001 1378 2007 .
1486 1889 1495 1906 Ἰ

243 2023 353 2086 minor
379 2042 479 2104 quam
503 2025 551 2099 tt,
580 2031 611 2088 et
638 2028 696 2087 md
722 2025 833 2092 minor
860 2042 961 2103 quam
988 2027 1034 2087 td.
1061 2027 1178 2088 Forma
1205 2043 1280 2104 ergo
1308 2035 1319 2085 t

241 2133 304 2198 erit
318 2152 418 2215 super
435 2142 595 2215 puuctum
615 2137 649 2209 h,
668 2142 699 2197 et
716 2136 779 2198 erit
791 2135 947 2198 distantia
964 2142 1115 2198 utrorum
1134 2133 1316 2214 apuncto'b

242 2243 402 2325 aequalis.
416 2245 577 2308 Distantia
592 2264 669 2308 vere
684 2246 809 2308 formae
825 2265 852 2319 z,
870 2263 953 2324 quae
967 2247 1099 2308 videtur
1116 2246 1149 2306 in
1163 2246 1182 2306 t
1196 2244 1316 2318 minor,

244 2363 276 2446 et
297 2354 455 2417 distantia
469 2355 593 2418 formae
609 2375 650 2429 m,
666 2374 750 2435 quae
767 2354 896 2418 videtur
911 2375 1012 2436 super
1029 2358 1054 2431 t,
1071 2357 1186 2418 maior.
1209 2356 1317 2418 Mani-

243 2465 363 2530 festum
385 2473 434 2528 est
455 2484 543 2545 ergo,
562 2467 651 2545 quod
667 2484 788 2540 rerum,
808 2483 949 2544 quarum
973 2467 1129 2530 distantia
1145 2467 1314 2528 abeodem

243 2575 316 2638 visu
338 2582 491 2654 augetur,
518 2582 575 2639 aut
600 2593 741 2655 quarum
769 2577 924 2639 distantia
951 2578 1059 2639 maior
1077 2584 1138 2651 est,
1162 2576 1317 2644 distantia

240 2686 354 2764 utique
376 2686 558 2748 formarum
592 2704 610 2748 a
643 2688 717 2748 visu
738 2693 900 2766 augetur,
928 2696 985 2749 aut
1008 2694 1105 2750 erunt
1132 2687 1166 2748 in
1196 2687 1314 2748 maiori

240 2795 404 2858 distantia.
428 2797 508 2860 Gum
532 2796 690 2858 distantia
716 2796 806 2860 enim
829 2798 942 2877 puncti
965 2818 984 2860 a
1007 2816 1026 2860 a
1046 2797 1120 2860 visu
1142 2798 1184 2859 sit
1207 2797 1313 2858 maior

241 2891 341 2984 quam
368 2905 542 2967 distantiae
574 2905 779 2984 reliquarum
801 2925 927 2981 rerum,
961 2907 1090 2968 videtur
1111 2907 1219 2968 forma
1241 2907 1313 2968 eius

165 3031 170 3042 ’
245 3014 416 3092 remoticr;
441 3033 584 3094 cumque
604 3033 656 3077 res
673 3016 827 3089 videnda,
844 3033 928 3094 quae
945 3023 995 3078 est
1009 3035 1111 3096 penes
1128 3036 1169 3092 m,
1186 3018 1228 3078 sit
1243 3035 1317 3096 pro·

242 3123 399 3204 pinquiur
419 3125 516 3199 visui,
535 3126 619 3188 facta
634 3133 684 3187 est
699 3126 804 3187 forma
820 3126 903 3201 eius,
923 3143 1007 3205 quae
1027 3131 1077 3187 est
1090 3144 1191 3206 penes
1208 3127 1226 3199 t,
1244 3144 1316 3205 pro·

241 3233 399 3316 pinquior
424 3234 564 3314 reliquis
592 3236 718 3298 formis.
745 3235 954 3298 Manifestum
981 3242 1031 3297 est
1056 3236 1159 3315 igitur
1187 3254 1225 3298 ex
1246 3236 1328 3316 his„

240 3346 330 3424 quod
352 3363 429 3406 cum
452 3346 607 3409 distantia
628 3347 676 3409 rei
698 3347 858 3408 videndae
882 3364 948 3408 nou
972 3347 1072 3408 suerit
1090 3347 1315 3426 minorquam

214 3457 216 3460 ’
243 3454 399 3518 distantia
413 3453 520 3518 lineae
536 3457 739 3519 transeuntis
754 3475 813 3536 per
827 3464 978 3518 centrum
995 3455 1166 3536 sphaerae,
1178 3457 1317 3520 sedsae-

241 3566 310 3628 rint
325 3583 376 3628 res
392 3565 464 3647 ipsa
480 3572 513 3630 et
531 3566 702 3646 speculum
719 3567 753 3628 in
770 3569 884 3630 eadem
900 3573 991 3648 parte
1008 3567 1135 3646 abipsa
1151 3567 1249 3640 linea,
1265 3586 1317 3630 res

244 3679 357 3756 utique
375 3694 450 3739 vera
466 3694 596 3756 semper
610 3677 746 3740 habehit
760 3678 924 3742 minorem
936 3678 1125 3740 distantiam
1139 3696 1158 3740 a
1170 3677 1317 3758 speculo,

243 3802 343 3864 quam
365 3787 472 3848 forma
494 3786 578 3848 eius.
603 3788 683 3850 dum
706 3789 788 3852 situs
813 3788 903 3850 enim
924 3787 1037 3862 fuerit,
1056 3789 1141 3850 sicut
1157 3788 1318 3864 diximus,

244 3897 350 3958 forma
371 3914 484 3960 rerum
507 3895 739 3973 videndarum,
768 3899 928 3961 remotior
950 3899 1012 3961 erit
1035 3918 1054 3962 a
1075 3899 1212 3980 sphera;
1235 3908 1268 3962 et
1289 3898 1318 3960 si

245 4005 348 4070 tuerit
368 4025 421 4070 res
443 4006 586 4071 videnda
608 4014 693 4088 retro
711 4007 847 4084 lineam,
861 4027 945 4088 quae
963 4011 1081 4072 transit
1095 4028 1154 4090 per
1169 4018 1319 4075 centrum

181 4165 183 4172 ,
244 4116 420 4198 sphaerae,
443 4137 495 4182 res
518 4138 584 4182 non
609 4136 643 4182 se
666 4118 801 4182 habehit
824 4120 908 4184 sicut
932 4119 1104 4184 diximus·
1133 4153 1136 4162 ·
