3550 5452
1312 571 1445 632 57·

273 684 333 760 qui
356 682 387 742 ei
410 681 579 752 convenit,
603 680 770 757 cognoscit
797 697 870 742 eam
893 697 951 760 per
979 681 1280 744 manifestationem
1302 696 1354 743 oe·

216 851 219 858 .
274 798 421 853 terarum
435 790 675 864 diversitatum
691 793 723 850 et
738 789 786 850 sio
799 789 997 868 quandoque
1011 797 1143 870 apparet
1156 790 1187 851 ei
1200 807 1254 852 res
1265 807 1350 862 vere,

275 907 310 962 et
330 899 527 977 quandoque
548 899 742 976 imaginatio
764 897 863 974 talsa3
886 899 1078 977 imaginatio
1098 899 1233 977 quidem
1253 898 1350 970 falsa,

274 1008 362 1070 sieut
383 1007 442 1070 illa
463 1022 547 1087 quas
567 1007 686 1070 aonidit
701 1008 741 1070 ds
755 1007 888 1070 saliaria
901 1007 938 1068 in
953 1007 1130 1088 praedietis
1146 1007 1256 1081 rebus,
1270 1007 1353 1070 ima-

275 1117 402 1195 ginatio
426 1124 537 1180 autem
557 1135 636 1178 vera
656 1123 694 1180 ut
715 1133 753 1178 ex
775 1133 810 1178 re
832 1117 938 1196 magis
959 1117 1096 1195 obliqua
1113 1124 1146 1180 et
1163 1133 1279 1196 parva3
1297 1135 1354 1179 na-

277 1226 428 1292 turaliter
450 1227 541 1288 enim
566 1227 664 1288 dehet
689 1243 762 1289 esse
789 1226 825 1288 iu
852 1226 1082 1306 propinquiori
1108 1226 1200 1300 loeo,
1223 1233 1255 1288 et
1276 1243 1353 1290 oum

277 1353 331 1398 ras
357 1337 442 1400 bene
468 1336 609 1398 sentitur
634 1353 735 1398 eausa
759 1334 1033 1414 propinquitatis,
1061 1343 1093 1398 et
1118 1336 1210 1398 visus
1236 1335 1353 1397 insidit

276 1461 471 1524 supeream
481 1463 521 1508 ex
532 1463 571 1507 ea
582 1449 674 1524 parte
686 1449 770 1522 qua'e
783 1446 814 1506 si
827 1445 959 1524 propria
974 1452 1033 1518 est,
1047 1444 1269 1506 consideratio
1285 1461 1352 1508 non
1435 1441 1441 1452 '

280 1553 404 1616 fallitur
424 1554 460 1615 in
483 1561 618 1634 aspectu
639 1553 822 1616 seeundum
836 1553 924 1616 hano
937 1555 1094 1632 speeiem.
1118 1533 1236 1616 Omnes
1252 1555 1353 1616 etiam

280 1663 484 1726 diversitates
506 1681 618 1726 rerum
628 1712 641 1746 ,Ι
660 1665 747 1742 quas
763 1680 823 1743 per
837 1662 976 1740 angulos
991 1663 1238 1740 dignoscuntur,
1254 1669 1354 1726 erunt

279 1771 473 1835 manifestae
495 1773 601 1834 nihilo
623 1774 735 1835 minus
759 1789 859 1851 quam
881 1773 1146 1836 manifestatione
1169 1773 1321 1846 alionum,

321 1882 486 1945 Debemus
508 1889 619 1944 autem
640 1882 794 1944 intimare
817 1899 927 1953 nuno,
950 1882 1040 1961 quod
1062 1881 1175 1944 omnia
1196 1899 1285 1960 quae
1305 1882 1355 1943 di·

280 1991 386 2053 ximus
409 1991 449 2052 de
471 1989 620 2062 iallaeia,
643 1989 768 2054 similia
790 1999 867 2052 sunt
887 1989 1038 2052 lallaoias
1060 1990 1163 2069 ipsius
1185 1989 1299 2064 visus,
1323 1997 1355 2051 et

279 2099 527 2178 imaginationis
550 2115 633 2176 qnae
650 2099 768 2162 aonidit
782 2099 817 2160 in
835 2117 887 2174 θος
905 2105 936 2160 et
951 2099 1030 2176 quia
1045 2095 1207 2160 falluntur
1224 2099 1260 2159 in
1278 2097 1352 2178 plu·

281 2209 373 2271 riltrrs
387 2209 511 2282 'rebus
534 2225 573 2270 eo
596 2210 685 2287 quod
705 2223 826 2270 sensus
854 2207 971 2270 inoidit
996 2225 1095 2286 super
1119 2225 1172 2270 res
1197 2209 1355 2270 videndas

280 2317 463 2382 seeundum
484 2318 758 2380 consuetudinem
780 2332 875 2380 suam
897 2324 928 2380 et
949 2321 1115 2390 naturam,
1132 2335 1226 2382 mens
1246 2323 1355 2380 autem

281 2428 317 2490 in
345 2427 502 2490 continua
531 2444 609 2488 oum
639 2428 739 2488 rebus
772 2425 1070 2504 comprehensione
1101 2443 1162 2488 sua
1192 2427 1356 2504 existimat

282 2552 337 2599 eas
360 2545 448 2598 extra
470 2517 642 2613 ordinem
664 2533 823 2598 dehemus
847 2535 954 2598 disere
975 2534 1040 2597 hoo
1061 2535 1182 2598 iterum
1204 2553 1277 2597 esse
1298 2534 1356 2598 ial-

279 2643 399 2708 laoiam
419 2644 681 2708 ratiocinationis
702 2645 838 2718 mentis,
859 2645 947 2708 sieut
967 2644 1085 2707 accidit
1111 2644 1158 2705 inv
1170 2645 1355 2724 positione,

281 2769 358 2818 enm
380 2753 604 2834 aspexerimus
620 2754 656 2815 in
671 2754 813 2833 speculis
829 2753 949 2834 planis,
965 2761 998 2816 et
1011 2743 1111 2818 iacies
1124 2755 1177 2817 rei
1193 2754 1356 2816 videndae

281 2863 382 2926 inerit
404 2862 555 2943 opposita
575 2863 671 2926 laeioi
698 2864 832 2941 speculi.
866 2863 957 2926 Tune
979 2865 1070 2926 enirn
1090 2865 1240 2926 'ostendit
1259 2863 1356 2925 nohis

281 2972 371 3036 risus
394 2979 503 3054 partes
529 2980 677 3048 nostras,
703 2973 887 3036 seeundum
917 2973 1005 3052 quod
1033 2972 1121 3034 inest
1144 2973 1176 3034 ei
1198 2991 1217 3034 a
1239 2980 1357 3043 natura

282 3081 478 3146 ostendendi
499 3100 562 3156 res,
578 3100 662 3162 quae
677 3097 752 3144 vere
767 3082 935 3155 videntur,
950 3079 1103 3144 videlieet
1117 3099 1185 3154 res,
1198 3099 1282 3160 quae
1299 3097 1357 3160 per

282 3190 410 3254 desnos
432 3191 542 3254 radios
563 3190 731 3264 videntur,
756 3208 912 3271 apparere
936 3191 1074 3264 dextrae,
1090 3198 1220 3269 atquae
1235 3207 1294 3270 per
1311 3192 1355 3252 si·

282 3300 416 3374 sistrum
427 3300 591 3376 sinistram
608 3319 704 3364 mens
720 3318 797 3364 vero
815 3301 959 3364 ostendit
977 3299 1074 3362 nohis
1083 3301 1198 3362 dextra
1210 3299 1356 3374 sinistra,

282 3416 315 3472 et
334 3409 472 3472 sinistra
494 3409 621 3486 dextra;
645 3407 826 3484 messim,
849 3427 991 3490 quarum
1018 3410 1120 3473 iacies
1147 3427 1223 3472 vere
1250 3425 1355 3490 oppo-

282 3517 364 3580 sitae
387 3525 482 3592 sunt,
504 3517 605 3582 talem
627 3518 749 3582 habent
770 3519 986 3598 positionem,
1002 3521 1090 3598 quod
1104 3519 1231 3582 iaciunt
1245 3520 1357 3582 dextra

283 3626 418 3690 alterius
447 3629 597 3709 opposita
624 3629 767 3693 sinistris
800 3629 952 3702 alterius,
984 3636 1016 3691 et
1044 3629 1177 3692 sinistra
1208 3627 1359 3708 opposita

282 3735 416 3816 dextris;
441 3743 473 3801 et
493 3737 557 3800 hae
578 3739 618 3802 de
641 3755 740 3801 eausa
762 3756 838 3802 oum
859 3737 1062 3802 moverimus
1084 3739 1265 3817 quamlibet
1282 3755 1354 3799 ma·

282 3863 389 3910 nuum
419 3836 610 3910 nostrarum
640 3848 815 3922 semotim,
847 3849 990 3910 ostendit
1011 3848 1106 3912 nobis
1131 3847 1242 3920 visus,
1260 3845 1358 3926 quod

282 3968 404 4018 manus
416 3973 505 4036 quae-
515 3962 677 4033 movetur,
689 3964 738 4020 ast
750 3957 900 4037 opposita
915 3957 958 4032 ei;
974 3973 1070 4020 mens
1085 3962 1196 4020 autem
1213 3956 1357 4042 ostendit

278 4063 380 4128 'nobis
403 4081 477 4130 sam
499 4084 517 4128 a
535 4067 769 4130 conversollit
786 4066 887 4130 etiam
904 4064 1034 4129 fallacia
1051 4065 1086 4129 in
1105 4064 1356 4130 ratiooinatione
