3512 5456
1253 585 1311 652 ier

235 695 404 780 cylindro,
427 704 459 760 et
479 698 568 761 visus
590 696 691 761 iucrit
710 697 879 777 oppositus
900 709 1019 760 cumae
1041 697 1240 779 superficiei,
1258 711 1310 762 re·

235 805 316 887 gula
334 821 487 886 quoque,
511 823 594 887 quae
617 805 652 868 in
675 804 758 869 illud
779 805 990 879 immittitur,
1013 805 1112 870 fuerit
1133 807 1310 871 constituta

235 933 336 997 super
355 921 459 978 totum
482 915 696 990 mansuum,
718 916 774 996 qui
797 909 904 978 risum
927 915 1138 992 determinat,
1156 915 1309 982 invenie·

236 1043 312 1088 mus
335 1031 413 1088 tuno
435 1025 469 1088 in
493 1024 710 1089 translatione
737 1024 918 1088 iormamm
946 1033 1167 1105 augmentum·
1186 1021 1310 1098 disten·

237 1134 323 1211 tiae,
346 1134 431 1198 siout
454 1142 587 1216 apparet
609 1153 628 1197 a
649 1133 835 1198 sublimiori
858 1143 948 1216 parte
972 1134 1106 1215 semdae
1129 1137 1310 1201 secundum

236 1244 450 1325 positionem,
474 1261 560 1323 quae
581 1250 639 1308 est
652 1244 739 1308 inter
760 1244 867 1306 vnum
882 1251 916 1306 et
930 1257 1041 1321 aarum¹
1060 1251 1094 1307 et
1108 1239 1142 1308 ld
1158 1237 1249 1327 quod
1261 1253 1311 1309 est

239 1361 328 1416 extra
355 1371 469 1428 axem,
499 1355 560 1416 erit
587 1353 766 1427 remotius,
796 1361 828 1418 et
849 1353 1024 1418 distantiae
1046 1354 1312 1436 magnitudinum

237 1479 367 1543 semper
390 1469 487 1526 erunt
509 1462 665 1540 maiorem
687 1462 811 1543 figurae
834 1469 944 1526 autern
966 1463 1133 1527 habebunt
1150 1465 1311 1528 maiorem

236 1574 432 1636 curvitatem
454 1572 489 1634 in
513 1573 665 1636 exteriori
686 1580 777 1654 parte
800 1573 883 1648 axis,
906 1579 940 1636 et
960 1573 1130 1638 habebunt
1150 1576 1311 1639 maiorem

238 1683 496 1755 concavitatem,
527 1699 604 1746 cum
626 1681 747 1746 fuerint
769 1683 803 1744 in
826 1683 976 1748 interiori
999 1692 1090 1764 parte
1112 1683 1189 1747 aris·
1222 1683 1312 1748 Nihil

235 1809 314 1856 vero
337 1807 375 1856 ex
397 1791 451 1855 his
473 1791 644 1873 apparebit
665 1809 727 1856 nec
749 1792 960 1857 manifestum
984 1794 1046 1856 erit
1068 1801 1199 1874 propter
1221 1811 1312 1858 coar·

236 1903 414 1968 ctationem
435 1901 608 1965 distantiae
630 1902 889 1973 coniunctionis,
908 1903 942 1964 in
962 1921 1028 1985 qua
1043 1902 1174 1968 videtur
1191 1904 1308 1978 forma,
1392 1951 1395 1958 .

238 2029 324 2094 quae
346 2011 524 2074 coarctatio
547 2012 693 2093 procedit
714 2029 752 2074 ex
775 2011 942 2076 debilitate
965 2013 1065 2076 risus.

280 2121 382 2186 Causa
408 2129 520 2186 autem
547 2139 613 2202 qua
638 2121 737 2184 debet
761 2115 828 2184 hoc'
852 2122 944 2197 deri,
969 2122 1051 2185 haec
1074 2128 1139 2185 est:
1168 2120 1241 2186 ilsto
1263 2124 1313 2187 di·

238 2230 369 2295 stinctio
388 2231 591 2308 communis,
609 2248 725 2295 curvae
743 2230 929 2312 superficiei
948 2249 1062 2312 aquae,
1078 2237 1110 2296 et
1125 2232 1313 2314 superficiei

239 2360 299 2423 per
320 2359 421 2423 quam
445 2342 559 2404 transit
577 2341 677 2404 flexus
692 2340 812 2417 radius,
827 2342 928 2406 sectio
943 2340 1057 2404 circuli
1071 2341 1136 2422 obp
1154 2342 1216 2422 idi·
1232 2340 1311 2417 teat

240 2457 272 2515 et
284 2456 433 2515 centrum
451 2451 521 2514 einr
539 2453 574 2526 d,
591 2451 679 2514 visus
698 2458 809 2514 autem
827 2452 869 2513 sit
886 2457 1027 2540 punctus
1043 2469 1073 2527 e,
1091 2458 1123 2516 et
1141 2451 1313 2532 copuletur

239 2559 328 2625 linea
344 2562 423 2635 eod,
441 2566 473 2623 et
490 2561 701 2641 protrahatur
719 2560 806 2624 linea
821 2559 894 2636 etr,
914 2567 946 2623 et
959 2558 1135 2641 copuletur
1149 2561 1240 2626 lines
1254 2562 1314 2664 dit,

240 2677 272 2734 et
286 2669 490 2743 flectaturet,
506 2670 547 2734 ad
563 2676 690 2750 partem
704 2669 985 2752 perpendicularis
999 2687 1098 2751 super
1108 2670 1233 2734 lineam
1245 2671 1313 2744 btlr.

240 2785 272 2844 et
294 2780 527 2862 protrahantur
549 2778 658 2844 linoae
679 2781 730 2855 dl,
751 2781 810 2854 ct,
833 2780 939 2861 sitque
955 2781 992 2844 di
1015 2787 1123 2844 erecta
1137 2783 1313 2862 superead

240 2891 408 2953 adrectos
431 2889 584 2969 angulos,
607 2897 640 2952 et
661 2889 895 2978 protrahantur
916 2907 1016 2971 super
1042 2907 1116 2954 eam
1144 2890 1314 2971 perpendi·

240 2997 365 3064 cularet
379 3017 450 3076 rm,
468 3007 512 3075 ts,
529 2999 589 3075 lto,
607 2999 646 3061 tt
652 3021 662 3075 ;
686 2997 826 3079 angulus
849 2999 958 3079 itaque
979 3001 1045 3062 dee
1066 2997 1238 3062 constituit
1251 3017 1310 3063 an·

241 3109 356 3190 guium
377 3109 447 3172 edd
468 3110 641 3183 obtusum,
664 3114 696 3172 et
717 3108 855 3189 angulus
876 3109 947 3174 irbi
968 3109 1137 3172 constituit
1155 3107 1314 3188 angulum

241 3219 310 3282 ditia
339 3219 504 3284 obtusum.
534 3218 600 3280 Erit
628 3235 704 3298 ergo
734 3218 841 3281 forma
870 3228 880 3280 t
909 3235 1010 3298 penes
1037 3237 1070 3292 a,
1101 3223 1132 3280 et
1163 3217 1267 3282 forma
1295 3219 1315 3280 ir

240 3346 340 3410 penes
354 3332 384 3406 it,
403 3329 586 3392 secundum
603 3328 637 3390 id
654 3328 742 3409 quod
758 3328 924 3409 proprium
940 3335 988 3392 est
1002 3328 1175 3392 distantiis.
1190 3328 1313 3391 Tamen

241 3439 347 3503 lorma
372 3448 383 3501 t
406 3446 454 3502 est
476 3438 693 3520 propinquior
712 3457 744 3511 a,
769 3437 927 3518 quoniam
956 3448 986 3500 tr
1010 3438 1120 3501 minor
1143 3445 1192 3502 est
1215 3455 1313 3519 quam

186 3573 193 3590 ·
241 3567 311 3626 ant,
334 3556 368 3612 et
395 3549 500 3612 forma
523 3549 542 3610 k
564 3557 613 3612 est
644 3549 801 3612 remotior
830 3549 864 3624 lt,
889 3547 1047 3628 quoniam
1071 3548 1110 3610 tt
1134 3547 1240 3612 maior
1264 3553 1314 3611 est

242 3677 341 3740 quam
363 3658 418 3722 alt.

285 3771 419 3833 ilicum
441 3769 648 3850 posuerimus
670 3768 777 3832 visum
801 3775 931 3849 aparte
953 3767 1125 3848 grossioris
1147 3767 1313 3846 corporis,

243 3878 281 3941 iit
310 3879 406 3942 ilexio
431 3879 472 3942 ad
499 3879 659 3942 diversam
689 3885 813 3958 partem
841 3877 1121 3959 perpendicularis
1151 3877 1184 3938 in
1214 3875 1317 3956 ligura

245 3988 309 4067 (tp.
325 3987 403 4062 {idei
428 3987 531 4050 simili
554 3987 645 4061 huic,
670 3986 837 4050 translatio
861 3988 951 4049 enim
972 3987 1091 4050 similis
1113 3994 1163 4049 est
1184 4001 1316 4068 praece·

243 4098 349 4176 denti;
371 4099 544 4162 distantiae
566 4115 643 4162 vero
667 4103 763 4161 erunt
786 4115 804 4160 e
827 4097 969 4172 diverso,
993 4098 1099 4161 iorma
1121 4097 1210 4160 enirn
1232 4113 1317 4177 quae
