3550 5452
442 641 482 700 72

425 743 596 828 quoniam
618 745 822 826 impossibile
846 752 895 807 est
917 754 953 806 ut
976 745 1167 824 magnitudo
1190 763 1275 824 quae
1295 753 1346 808 est
1362 747 1513 826 opposita

436 855 499 930 eis,
521 863 691 919 conservet
705 855 806 917 situm
822 854 968 916 similem
984 871 1086 934 penes
1102 868 1377 935 unumquemque
1392 855 1513 918 axium.

437 967 500 1029 Res
522 964 613 1028 enim
635 983 720 1046 quae
743 972 877 1045 apparet
898 965 1048 1044 opposita
1070 964 1219 1043 utrisque
1242 965 1360 1039 oculis,
1378 983 1445 1028 non
1465 973 1515 1026 est

437 1074 720 1158 perpendicularis
742 1091 844 1153 super
865 1080 1023 1153 utrosque
1039 1092 1125 1137 axes.
1145 1075 1316 1148 Quomodo
1332 1075 1424 1139 eninr
1439 1091 1514 1154 pos·

437 1199 555 1246 sumus
583 1184 646 1248 hoc
674 1184 842 1258 arbitrari,
869 1201 947 1246 oum
972 1183 1204 1263 unusquisque
1233 1185 1345 1246 axium
1374 1183 1516 1246 declinet

438 1295 480 1357 ad
503 1294 654 1367 alterum,
676 1293 742 1356 nisi
769 1294 809 1356 de
838 1292 898 1356 illo
924 1292 985 1372 qui
1006 1294 1105 1356 debet
1126 1310 1198 1355 esse
1221 1293 1259 1356 in
1279 1293 1405 1364 medic,
1429 1294 1514 1356 siout

437 1404 595 1481 diximus,
622 1410 655 1466 et
677 1410 726 1466 est
748 1403 903 1464 distantia
925 1403 997 1464 eius
1013 1389 1280 1482 proportionalia,
1296 1403 1354 1482 qui
1371 1403 1514 1464 rationa-

438 1514 548 1576 biliter
569 1503 665 1575 debet
686 1513 794 1574 vocari
816 1513 885 1575 axis
908 1512 1105 1575 communis.
1129 1513 1294 1574 Debemus
1311 1517 1422 1574 autem
1438 1512 1515 1573 uni-

439 1621 613 1686 versaliter
640 1623 673 1684 in
697 1621 751 1684 his
774 1619 860 1701 quae
882 1627 970 1686 recte
992 1621 1161 1694 videntur,
1182 1621 1383 1699 distinguere
1406 1621 1516 1700 qualis

440 1741 491 1794 εει
512 1731 644 1802 habitus
667 1729 836 1803 locorum,
858 1731 894 1792 in
917 1730 1038 1810 quibus
1055 1737 1215 1810 apparent
1232 1749 1285 1792 res
1298 1729 1470 1804 videndae,
1486 1737 1518 1792 ει

440 1842 531 1920 quod
559 1841 726 1920 quantitas
755 1839 929 1902 distantiae
961 1839 1097 1902 illorum
1124 1841 1265 1902 erebus
1287 1840 1372 1902 veris
1395 1847 1445 1903 est
1466 1857 1517 1902 εε-

442 1951 591 2013 cundum
614 1949 806 2012 distantiam
830 1950 1018 2012 communis
1042 1949 1110 2011 axis
1131 1949 1173 2012 ab
1195 1967 1254 2012 axe
1271 1949 1405 2029 proprio
1420 1950 1519 2022 visui,
1614 1941 1622 1956 '

442 2066 473 2122 et
495 2060 577 2122 haec
598 2059 754 2123 distantia
776 2066 826 2122 ost
848 2057 1132 2140 perpendicularis
1163 2058 1284 2122 cadens
1307 2076 1326 2122 a
1347 2059 1448 2122 rebus
1469 2059 1516 2120 vi-

447 2169 572 2232 dendis*
586 2187 689 2248 super
710 2187 803 2232 axem
826 2177 1050 2230 communem.

485 2279 651 2340 Debemus
672 2275 773 2340 etiarn
796 2276 1022 2350 considerare,
1045 2276 1074 2338 si
1096 2275 1182 2338 illud
1194 2277 1285 2355 quod
1297 2275 1520 2349 distinximus,

442 2387 597 2450 convenit
619 2387 719 2450 rebus
742 2403 828 2466 quae
851 2392 1020 2466 apparent.
1055 2385 1221 2449 Ponamus
1251 2403 1329 2465 ergo
1354 2385 1412 2448 hio
1437 2387 1519 2466 figu—

443 2515 515 2559 ram
540 2502 760 2575 praetaxatam
787 2496 823 2557 in
849 2495 966 2558 eodem
995 2502 1103 2568 statu,
1125 2503 1163 2556 ιιι
1184 2496 1450 2575 unumquodque
1479 2513 1518 2558 ex

443 2605 497 2668 bis
519 2611 743 2684 consequatur
764 2611 886 2667 metam
908 2621 1014 2665 suam.
1049 2604 1097 2667 Sit
1117 2617 1337 2684 unaquaeque
1360 2605 1399 2666 de
1421 2604 1520 2668 lineis

443 2717 503 2788 cd,
526 2716 570 2777 bd
593 2715 659 2793 tfip.
676 2715 732 2790 te)
757 2715 825 2776 axis
847 2713 950 2790 visus;
973 2713 1181 2776 inveniemus
1205 2731 1282 2793 ergo
1303 2713 1338 2774 id
1359 2713 1450 2793 quod
1470 2721 1522 2776 est

442 2841 544 2903 super
571 2823 694 2886 lineam
723 2825 789 2885 eda
816 2839 978 2904 apparens
1011 2821 1043 2884 in
1073 2822 1147 2886 loco
1170 2839 1231 2884 suo
1254 2839 1320 2902 quo
1343 2829 1414 2896 est,
1436 2821 1521 2884 illud

443 2951 520 2995 vero
549 2934 639 3014 quod
667 2951 768 3012 super
790 2931 914 2996 lineam
937 2933 1031 3007 att,
1055 2932 1245 2994 invenietur
1265 2933 1309 2994 ion
1323 2931 1397 2994 aliis
1419 2931 1520 3006 locis,

444 3060 546 3122 quam
567 3043 602 3111 ir
626 3043 747 3123 quibus
768 3042 1120 3122 comprehendebatur.
1143 3041 1352 3104 Manifestum
1367 3047 1419 3103 est
1429 3059 1519 3120 ergo,

444 3153 532 3232 quod
560 3153 674 3233 puncti
703 3155 776 3216 eds.
796 3153 1002 3232 apparebunt
1030 3151 1064 3212 in
1092 3150 1174 3214 locis
1203 3151 1324 3231 quibus
1352 3157 1450 3238 sunt,
1479 3167 1518 3216 eo

445 3261 535 3341 quod
556 3260 849 3340 perpendicularis,
871 3278 957 3341 quae
979 3261 1020 3322 ab
1047 3279 1249 3340 unoquoque
1273 3277 1390 3322 eorum
1410 3277 1524 3339 proce-

445 3369 506 3444 dit,
529 3369 617 3430 cadit
639 3369 679 3432 ab
704 3385 760 3431 aue
782 3371 846 3446 ρει,
867 3373 925 3450 qui
949 3376 999 3452 est
1021 3371 1221 3443 communis,
1244 3386 1345 3449 super
1361 3375 1522 3448 punctum

445 3495 564 3550 unum,
578 3476 739 3558 quoniam
753 3479 935 3540 secundum
952 3479 1170 3558 quantitatem
1185 3479 1358 3542 distantiae
1373 3495 1522 3542 commu·

318 3603 327 3622 ·
444 3588 497 3650 nis
520 3584 568 3650 axi
587 3605 606 3649 a
621 3588 754 3667 proprio
772 3605 844 3660 axe,
860 3587 907 3650 ita
922 3588 1023 3650 etiam
1040 3588 1102 3650 erit
1117 3587 1276 3651 distantia
1288 3586 1364 3661 loci,
1383 3605 1450 3667 quo
1467 3605 1520 3650 res

445 3704 587 3778 apparet,
611 3711 630 3758 a
650 3713 727 3759 vero
749 3696 823 3760 loco
840 3713 903 3760 suo
915 3703 1032 3760 versus
1047 3697 1142 3760 illam
1158 3705 1294 3778 partem.
1313 3696 1522 3760 Videbantur

444 3825 521 3886 ergo
544 3824 596 3870 res
618 3807 710 3886 ipsae
725 3807 760 3868 in
776 3806 857 3868 locis
874 3808 944 3869 suis
960 3813 1092 3888 propter
1109 3807 1379 3871 coniunctionem
1397 3805 1518 3868 axium.

444 3917 713 3994 Demonstratum
730 3921 780 3978 est
794 3917 904 3994 igitur,
916 3917 1006 3996 quod
1021 3933 1242 3997 unaquaeque
1248 3914 1395 3978 istarum
1409 3931 1521 3977 rerum

447 4032 583 4106 apparet
599 4025 634 4086 in
650 4024 724 4088 loco
740 4042 801 4088 suo
816 4043 901 4088 vere.
924 4025 1017 4098 Quod
1032 4031 1143 4088 autem
1160 4027 1191 4098 t,
1208 4036 1228 4099 t,
1244 4025 1263 4086 lc
1277 4043 1348 4088 non
1365 4029 1524 4105 apparent

445 4134 481 4195 in
504 4133 587 4200 locis
608 4134 678 4196 suis
698 4151 791 4209 vere,
806 4135 880 4214 ipsa
894 4145 994 4196 causa
1009 4142 1058 4196 εει
1071 4153 1172 4214 quem
1190 4133 1347 4210 diximus,
1370 4132 1523 4196 videlicet
