3512 5456
437 593 497 660 108
1001 641 1003 646 -

436 712 488 768 cet
502 705 530 768 ei
545 702 704 786 possibile
721 710 781 780 eet,
793 704 1016 784 refringantur
1027 705 1062 768 in
1075 703 1178 768 simili
1189 705 1374 785 praedictae
1386 703 1511 785 llguraa

435 816 501 878 duo
518 816 603 880 radii
620 833 708 892 amr,
725 833 795 891 cor,
814 823 846 879 ct
863 815 1088 896 producantur
1102 813 1210 880 lincea
1226 815 1268 880 ad
1281 821 1423 895 punctae
1437 829 1467 890 r,
1484 817 1510 890 l,

433 929 459 1005 f,
472 945 510 1002 a,
534 932 567 990 ct
580 926 779 1008 copulentur
792 925 899 990 lineae
921 928 978 1004 do,
1000 928 1074 1000 dat,
1096 925 1207 1006 aitque
1222 923 1445 992 reverberatio
1469 927 1511 992 ad

435 1035 593 1117 aequales
616 1035 765 1116 angulos.
789 1037 872 1110 Quia
887 1053 965 1116 ergo
983 1038 1028 1100 dr
1050 1042 1100 1100 est
1117 1036 1224 1100 maior
1238 1050 1340 1116 quam
1355 1039 1408 1110 cd,
1423 1035 1512 1102 linea

435 1163 520 1227 quae
533 1163 593 1228 per
606 1147 755 1212 medium
771 1141 889 1210 dividit
903 1145 1063 1226 angulum
1076 1148 1140 1210 adr
1154 1144 1279 1210 secabit
1293 1165 1330 1210 er
1344 1146 1430 1210 iuter
1439 1163 1468 1221 a,
1478 1147 1510 1210 Ιι.

433 1257 502 1322 Erit
523 1274 600 1336 erge
631 1262 764 1338 propter
789 1257 853 1322 hoo
884 1255 1026 1338 angulus
1049 1259 1111 1322 cdo
1133 1257 1239 1322 multo
1262 1257 1370 1322 maior
1390 1256 1511 1338 angulo

434 1369 517 1442 edo,
541 1374 574 1430 at
596 1367 671 1431 ideo
695 1375 728 1430 et
754 1368 833 1447 quia
864 1369 1005 1448 angulus
1026 1370 1093 1431 aod
1118 1369 1246 1450 positus
1272 1374 1322 1432 cet
1343 1367 1429 1432 eicru
1449 1385 1512 1432 an·

435 1477 532 1558 gulos
553 1480 621 1541 aod
642 1483 775 1559 propter
796 1479 1113 1554 reverberationem,
1132 1480 1199 1543 erit
1219 1478 1311 1559 quod
1328 1495 1368 1542 cx
1381 1478 1511 1544 duobus

434 1588 565 1668 angulia
587 1591 665 1667 cdo,
688 1592 764 1666 rod,
783 1590 873 1668 quod
890 1596 940 1653 est
954 1588 1040 1654 sicut
1055 1588 1197 1670 angulus
1212 1593 1274 1670 des
1284 1589 1394 1660 maius
1408 1605 1510 1670 quam

433 1700 469 1762 id
491 1683 582 1780 quod
603 1717 643 1764 ex
664 1700 794 1764 duobus
816 1701 946 1781 angulis
968 1704 1046 1777 ado,
1067 1703 1152 1777 aod,
1175 1701 1266 1782 quod
1287 1700 1437 1766 aeteicut
1451 1717 1510 1764 an·

434 1808 533 1889 sulus
554 1812 630 1884 dae,
653 1812 713 1874 sed
728 1810 868 1891 angulus
883 1813 944 1891 del
961 1817 1011 1875 eat
1025 1817 1160 1886 acutus,
1184 1811 1326 1891 angulus
1341 1827 1420 1890 ergo
1441 1812 1511 1890 dap

434 1937 552 1984 rursua
575 1921 637 1984 crit
658 1927 786 1986 acutus.
810 1921 890 1986 Gum
914 1928 1028 1986 autem
1049 1921 1300 2002 produxerimus
1318 1937 1337 1984 a
1358 1922 1512 1986 cantrod
1572 1913 1578 1926 '

435 2031 743 2112 perpendicularem
764 2036 808 2114 dq
837 2051 938 2114 super
958 2037 1030 2098 mal
1059 2041 1092 2097 at
1118 2031 1426 2114 perpendicularem
1447 2034 1512 2096 dor

434 2161 534 2223 super
547 2163 608 2207 ors
630 2150 796 2208 secantem
811 2147 861 2208 ml
881 2146 917 2207 in
931 2163 962 2218 o,
982 2144 1046 2207 erit
1059 2149 1193 2225 propter
1205 2143 1510 2208 rectitudinem-an·

434 2251 503 2332 guli
517 2273 535 2332 q
547 2255 636 2318 linea
650 2257 691 2316 dc
705 2256 812 2318 maior
826 2271 928 2335 quam
942 2257 1003 2334 dp,
1020 2262 1053 2318 et
1067 2255 1129 2318 erit
1139 2255 1217 2320 inde
1228 2256 1276 2318 dr
1287 2253 1394 2318 multo
1404 2253 1512 2316 maior

435 2381 536 2443 quam
558 2366 619 2445 dqr
643 2365 705 2427 erit
716 2365 817 2444 igitur
836 2366 977 2444 angulus
999 2383 1097 2440 amc,
1119 2365 1180 2445 qui
1202 2371 1251 2428 eat
1266 2365 1354 2428 sicut
1371 2361 1511 2445 eaquae

307 2478 308 2482 ’
434 2475 520 2549 brac,
541 2476 648 2539 maior
668 2493 769 2556 quarn
791 2476 932 2556 angulus
953 2495 1031 2549 aaa,
1055 2475 1113 2556 qui
1136 2481 1186 2538 cst
1201 2475 1326 2556 positae
1348 2475 1435 2538 sicut
1455 2493 1510 2537 an·

434 2584 532 2666 gulua
543 2588 614 2650 cot.
626 2587 757 2666 Oportet
772 2605 848 2666 crgo
864 2593 997 2668 propter
1010 2587 1084 2666 boc,
1096 2592 1134 2648 ut
1147 2604 1223 2650 mco
1237 2587 1282 2649 eit
1294 2586 1510 2666 propinquior

434 2701 546 2760 centro
568 2700 588 2760 d
609 2714 710 2778 quam
731 2701 799 2776 ces,
823 2697 1058 2778 quodfalsum
1081 2705 1143 2776 eat3
1165 2696 1310 2778 angulus
1329 2697 1419 2762 anim
1439 2696 1510 2760 dec

400 2851 404 2860 ,
435 2814 486 2870 aet
506 2814 635 2871 acutus.
657 2808 728 2871 Non
750 2826 827 2888 argo
849 2809 1077 2889 refringuntur
1097 2808 1183 2872 radii
1204 2827 1278 2886 zoa,
1292 2826 1366 2873 rma
1385 2807 1430 2870 ad
1450 2823 1507 2870 aa·

433 2902 549 2998 quales
571 2918 722 2999 angulos.
782 2891 811 2960 f·

475 3029 559 3092 Item
582 3029 626 3092 sit
647 3028 792 3092 circulus
814 3032 882 3110 obp
908 3037 915 3108 t
926 3029 978 3110 fip.
1002 3030 1086 3106 53),
1115 3031 1211 3094 cuiue
1233 3036 1384 3118 centrum
1405 3029 1449 3092 ait
1469 3029 1507 3102 d,

434 3147 466 3202 et
486 3139 698 3220 protrahatur
718 3140 809 3204 linea
831 3142 887 3215 bd,
910 3148 943 3204 et
966 3134 1167 3222 producatur
1187 3141 1278 3204 linea
1293 3157 1411 3204 secana
1434 3155 1509 3204 eam

434 3251 475 3313 ad
502 3256 608 3314 rector
636 3250 790 3330 angulos,
818 3259 850 3313 et
878 3252 921 3314 sit
941 3269 1017 3330 cap,
1047 3251 1157 3332 aitque
1180 3251 1283 3314 sectio
1305 3243 1421 3314 circuli
1443 3249 1513 3326 ato

433 3359 469 3422 in
491 3377 634 3424 concavo
657 3361 791 3442 speculo
813 3362 942 3442 posita„
959 3368 992 3425 ct
1013 3367 1157 3442 ponatur
1177 3360 1412 3441 unusquisque
1430 3361 1509 3422 duo·

433 3485 509 3532 rum
536 3476 737 3550 punctorum
765 3473 952 3534 secundum
973 3469 1337 3534 rectitudinemlinaae
1359 3488 1418 3548 cp,
1441 3475 1509 3532 tan·

432 3587 505 3645 tum
527 3579 609 3644 alter
631 3597 748 3654 eorum
769 3598 837 3646 non
860 3583 902 3645 ait
923 3582 1010 3646 inira
1032 3581 1205 3646 circulum.
1238 3581 1386 3646 Dicimur
1408 3591 1506 3660 ergo,

433 3691 524 3772 quod
544 3692 681 3758 nonnisi
702 3711 791 3756 unua
814 3693 926 3760 radius
948 3693 1141 3774 refringitur
1160 3693 1248 3756 iuter
1262 3710 1318 3757 eos
1334 3691 1375 3756 ad
1391 3708 1509 3772 aequae

432 3800 482 3892 leus
498 3803 635 3883 angulos
652 3821 671 3866 a
687 3785 953 3868 circumferentia
970 3806 1045 3884 obp.
1061 3803 1232 3884 Siquidem
1248 3803 1404 3866 distantia
1421 3801 1510 3883 ipaoe

432 3929 508 3978 rum
530 3922 729 3994 punctorum
753 3933 771 3978 a
792 3923 916 3996 puncto
938 3936 953 3981 a
974 3915 1074 3978 fuerit
1096 3913 1265 3995 aequalis,
1287 3913 1508 3977 reverberatio

431 4023 548 4104 utique
571 4023 609 4088 flt
629 4041 668 4090 ex
688 4043 757 4088 unc
780 4033 902 4107 puncto
924 4027 984 4107 qui
999 4027 1090 4102 cett,
1105 4014 1196 4106 quo'd
1212 4023 1430 4088 manifestum
1447 4027 1508 4097 aet,

430 4134 591 4216 quoniam
614 4135 698 4216 duae
719 4129 842 4213 lineae,
865 4155 950 4219 quaa
972 4135 1210 4220 protrahuntur
1223 4135 1359 4218 abipeie
1374 4133 1507 4216 panaria
