3512 5456
472 599 533 668 tit

471 714 619 796 draginta
639 721 671 779 at
691 712 869 790 dimidina;
892 721 925 776 et
944 729 1021 778 oum
1042 713 1141 778 luerit
1161 730 1207 774 aa
1227 712 1449 792 septuaginta,
1471 710 1536 778 erit

470 827 516 906 pb
543 823 757 906 quadraginta
785 823 930 905 quinque
959 830 992 887 et
1017 823 1194 899 dimidiae3
1224 830 1256 886 et
1278 841 1354 888 oum
1375 822 1480 888 iuerltr
1494 841 1537 888 ox

473 934 652 1018 octoginta,
675 934 737 1000 erit
756 936 804 1015 ph
825 933 1073 1014 quinquaginta.

517 2362 716 2470 Quantitates
738 2361 871 2445 quidem
892 2361 1090 2428 fractionum
1111 2381 1194 2444 quae
1216 2362 1301 2428 fiunt
1323 2363 1358 2426 in
1378 2380 1473 2444 aqua,
1493 2365 1539 2424 in-

474 2473 642 2548 venimus,
664 2472 749 2536 sieut
770 2479 820 2536 est
842 2473 1036 2553 expositum,
1059 2491 1127 2536 non
1149 2474 1306 2538 existente
1329 2475 1416 2536 iuter
1437 2490 1539 2554 aquas

476 2581 625 2648 sensibili
648 2583 831 2648 diversitate
853 2589 985 2666 propter
1007 2571 1261 2664 grossitudinem
1280 2591 1312 2648 et
1328 2581 1539 2651 subtilitatem

477 2711 602 2758 aarum.

518 2803 552 2868 Si
574 2794 650 2869 vero
673 2804 892 2886 aspexerimus
916 2823 935 2868 a
955 2804 1173 2887 grossitudine
1196 2803 1356 2868 naturalis
1377 2804 1540 2886 aquaead

369 2939 370 2942 ¹
477 2915 629 2978 subtilius
652 2933 783 2997 eorpus,
806 2917 971 2998 apparebit
991 2914 1095 2979 multa
1116 2915 1284 2980 diversitas
1308 2915 1346 2980 de
1364 2921 1539 2996 argmenta

467 3025 565 3108 ,quod
586 3025 623 3088 fit
644 3025 680 3092 in
702 3025 831 3108 angulis
849 3035 885 3100 ¹et
906 3026 940 3089 in
963 3025 1322 3108 quantitategflexionin
1344 3044 1429 3107 qrras
1450 3026 1487 3090 iit
1505 3025 1539 3088 in

477 3137 616 3201 transitu
638 3138 721 3200 radii
744 3136 784 3200 ab
807 3155 904 3220 aqua,
920 3156 1004 3219 quae
1025 3136 1160 3218 spissior
1182 3145 1245 3210 ast,
1267 3137 1362 3200 adid
1384 3135 1472 3217 quod
1493 3144 1542 3198 est

477 3245 641 3310 subtilius.
665 3247 728 3312 Sed
749 3247 828 3328 qrria
847 3246 1051 3329 impossibile
1074 3255 1124 3311 ast
1144 3247 1240 3313 nobis
1263 3247 1541 3328 perpraedictum

477 3356 736 3439 experimentum
750 3359 949 3440 perpendere
967 3358 1117 3421 habitum
1131 3357 1308 3432 fractionis,
1322 3374 1405 3436 quae
1417 3355 1453 3420 iit
1466 3371 1542 3420 oum

363 3555 365 3562 y
478 3467 587 3531 radius
609 3467 754 3548 prooedit
776 3487 795 3532 a
816 3469 972 3549 grossiori
993 3468 1133 3532 humore
1149 3469 1190 3532 ad
1204 3468 1421 3542 subtiliorem,
1437 3467 1541 3550 dispo·

405 3659 406 3668 ἵ
478 3579 604 3642 suimus
627 3579 792 3659 inquirere
815 3578 963 3646 ordinem
985 3577 1318 3660 angulorum-taliter.

518 3687 590 3764 Fiat
610 3687 649 3753 da
671 3690 754 3753 vitro
776 3708 857 3772 puro
879 3689 1130 3772 semioylindrus
1152 3690 1333 3754 seeundum
1356 3687 1542 3755 similitudi·
1601 3697 1603 3704 ’

479 3815 555 3861 nem
577 3799 762 3864 medietatis
776 3798 920 3880 ,plancae
940 3801 1110 3874 rotundas,
1132 3799 1313 3880 descriptus
1332 3818 1389 3880 per
1405 3798 1543 3864 eircum-

479 3909 653 3974 ierentiam
676 3909 728 3973 til
753 3910 818 3990 (Μ.
840 3910 916 3986 dit,
945 3910 1051 3992 sitque
1074 3911 1231 3974 mameter
1253 3909 1324 3974 eiua
1346 3909 1455 3974 minor
1477 3909 1542 3973 dia·

479 4026 585 4084 metro
607 4020 741 4101 plancae
764 4037 879 4084 aereae
902 4039 1001 4100 quam
1023 4020 1251 4102 praediximus,
1268 4029 1299 4084 et
1313 4019 1442 4100 aptetur
1455 4017 1542 4090 basis

481 4129 552 4196 eius
574 4148 670 4214 super
692 4130 857 4214 planoam,
870 4130 925 4194 ita
946 4139 982 4196 ut
1004 4137 1070 4196 tota
1092 4130 1142 4194 illi
1159 4131 1332 4198 ooniunota
1345 4129 1399 4206 sin
1422 4136 1453 4202 st
1467 4145 1543 4196 osn-
