3550 5452
289 727 365 792 beto
386 724 481 808 prius
502 729 636 806 propter
656 741 709 788 res
723 741 816 804 ,quse
838 723 991 790 videntur
1012 732 1044 790 et
1066 732 1242 798 moventur
1269 745 1321 794 ss·

248 837 396 900 eundum
419 834 662 917 oppositionem
683 835 798 909 visus,
823 853 912 899 unus
933 854 972 902 ex
992 837 1178 904 visibilibus
1200 837 1322 914 radiis,

248 946 403 1012 videlieet
423 947 467 1012 ab
490 947 552 1026 (ᾗς.
580 945 649 1022 13),
672 951 705 1008 et
724 945 769 1010 sit
789 965 809 1012 o
830 963 932 1027 super
953 953 1052 1028 eaput
1073 948 1266 1032 pyramidis.
1289 949 1322 1014 st

250 1075 326 1138 orgo
353 1056 446 1120 visus
473 1057 573 1122 fuerit
598 1055 748 1131 stabilis,
771 1062 804 1122 et
830 1073 898 1122 uou
925 1063 1099 1124 moveatur
1118 1058 1154 1124 in
1176 1065 1325 1142 temporo

247 1169 429 1241 ooubnuo,
452 1175 577 1232 utrem
599 1166 777 1232 videndum
799 1165 942 1232 visibilis
964 1168 1078 1232 rudius
1103 1170 1323 1252 eomprehen-

249 1279 335 1344 derit
354 1279 391 1342 in
413 1284 538 1360 puuoto
558 1278 589 1352 t,
609 1276 777 1342 videbitur
798 1276 913 1358 utique
934 1278 1074 1355 stabilis,
1091 1285 1130 1346 'st
1148 1280 1179 1347 si
1200 1279 1236 1344 iu
1255 1280 1321 1346 ulio

248 1405 350 1470 quum
371 1388 407 1452 iu
429 1394 551 1469 puusto
567 1388 594 1462 b,
616 1386 787 1470 apparebit
800 1388 935 1468 quidem
951 1389 1122 1466 remotior,
1138 1405 1216 1457 oum
1231 1397 1320 1460 trouv

249 1499 342 1563 sierit
361 1500 405 1562 ad
424 1496 538 1562 losum
561 1503 649 1562 extro
670 1503 829 1578 puuotum
850 1499 886 1574 b,·
914 1499 1082 1564 videbitur
1109 1506 1223 1566 autem
1243 1517 1320 1584 pro·

247 1607 424 1689 pinquior‚
446 1623 525 1670 oum
546 1605 715 1672 transierit
736 1605 824 1670 inira
845 1613 1006 1688 punctum
1028 1607 1054 1670 b.
1088 1607 1250 1674 Seduum
1272 1625 1323 1674 ss·

246 1719 393 1810 eundum
416 1715 662 1799 oppositionem
680 1717 848 1782 transierit
867 1717 1015 1782 visusut
1028 1718 1069 1784 ub
1087 1719 1200 1800 uedp
1222 1735 1322 1802 super

246 1827 371 1892 lineam
393 1828 453 1904 ob,
475 1835 508 1892 et
528 1827 700 1892 transierit
721 1833 864 1908 puuotus
886 1829 907 1892 u
928 1827 970 1892 ud
991 1829 1027 1904 b,
1051 1834 1085 1892 et
1105 1845 1157 1894 res
1179 1829 1322 1894 videndo

246 1937 348 2002 tuerit
368 1938 405 2014 u,
428 1939 458 2002 si
479 1937 573 2002 loeus
596 1954 663 2018 quo
684 1955 737 2002 res
757 1935 901 2004 videnda
922 1937 1108 2015 iuvenitur,
1130 1938 1232 2004 iussit
1252 1937 1322 2015 ills,

246 2065 314 2128 quo
335 2047 428 2128 prius
451 2048 515 2112 fuit
534 2053 678 2128 punctus
699 2049 727 2123 b,
745 2047 913 2114 videbitur
932 2048 1047 2128 utique
1064 2047 1204 2124 stabilis,
1223 2055 1257 2114 et
1272 2066 1323 2112 ra-

248 2159 322 2222 dius
343 2159 389 2222 od
410 2165 499 2222 tento
521 2164 671 2233 amotus,
694 2163 817 2238 quanto
839 2157 931 2223 visus
953 2159 1147 2242 praecessit,
1165 2160 1257 2240 quod
1271 2166 1321 2224 est

245 2288 307 2350 up,·
328 2275 362 2334 st
382 2269 485 2334 sires
505 2267 649 2334 videnda
673 2268 810 2334 invente
834 2267 936 2334 tuerit
963 2268 999 2332 iu
1026 2269 1092 2334 elio
1119 2267 1192 2334 looo
1219 2285 1320 2351 quem

247 2380 281 2444 in
304 2380 339 2456 b,
361 2379 391 2442 si
412 2378 548 2459 quidem
569 2378 669 2444 fuerit
689 2379 725 2442 iu
749 2385 873 2460 puncto
894 2381 930 2455 d,
952 2379 1118 2444 videbitur
1136 2379 1263 2445 moveri
1281 2381 1323 2446 ed

246 2488 339 2554 illam
361 2495 506 2572 portem,
528 2489 571 2554 sd
593 2506 694 2569 quom
716 2495 749 2554 st
769 2489 871 2567 visus,
885 2489 1017 2572 aequali
1032 2497 1134 2556 motu.
1157 2490 1192 2554 si
1207 2497 1318 2556 autem
1393 2523 1398 2532 ·
1443 2557 1447 2564 ,

246 2596 402 2666 fueritin
425 2598 538 2680 aliquo
559 2604 683 2679 puncto
704 2599 914 2681 praecedenti
934 2601 972 2675 d,
994 2599 1319 2668 videbiturvsiooius

246 2709 373 2774 moveri
395 2709 437 2773 ed
454 2707 549 2774 illam
566 2714 710 2790 pertem3
729 2715 761 2774 et
775 2709 805 2774 si
819 2709 969 2774 fueritin
985 2707 1099 2790 aliquo
1112 2691 1187 2776 loeo
1201 2711 1320 2778 interi

246 2826 281 2885 st
299 2821 334 2895 d,
355 2818 541 2884 movebitur
561 2819 603 2884 od
625 2825 753 2901 perteus
773 2818 867 2884 illum
890 2819 1034 2898 tardius;
1056 2828 1090 2886 st
1110 2821 1140 2886 si
1161 2821 1263 2888 iusrit
1282 2821 1318 2886 iu

245 2929 357 3012 aliquo
379 2930 421 2994 ds
441 2929 680 3012 posterioribus
708 2929 791 2996 loeis
813 2931 845 3006 b,
873 2931 1059 2997 movebitur
1084 2931 1127 2996 uvi
1154 2932 1319 2998 diversam

118 3017 124 3027 '
246 3046 381 3123 parum.

286 3153 412 3216 Rursus
429 3167 595 3234 ponemus
611 3149 704 3216 aliud
716 3149 906 3233 exemplum
921 3155 1198 3234 proptsrmotum
1210 3151 1269 3233 qui
1282 3152 1320 3216 tit

247 3263 288 3326 ud
307 3261 427 3338 latere,
450 3268 483 3326 et
504 3261 729 3342 produoentur
743 3279 763 3328 s
776 3261 854 3326 visu
875 3261 987 3344 plures
1001 3261 1088 3328 rodii
1103 3261 1145 3328 de
1159 3270 1319 3345 puuotoo

246 3374 307 3454 (Μ.
331 3371 401 3450 ts),
424 3371 483 3454 qui
504 3380 556 3437 est
576 3378 676 3456 oeput
696 3373 902 3456 pyramidisp
929 3379 966 3438 ut
991 3373 1051 3450 ab,
1073 3389 1131 3454 op,
1153 3375 1214 3450 ud,
1241 3375 1321 3440 siut-

246 3501 311 3566 que
343 3482 477 3549 stubilss
510 3491 543 3548 et
570 3498 639 3550 non
670 3484 922 3553 transferuutur.
948 3484 1029 3548 Guru
1061 3500 1139 3567 ergo
1169 3501 1258 3550 unus
1282 3492 1319 3550 et

245 3593 335 3658 idem
356 3593 458 3658 fuerit
481 3593 566 3658 situs
592 3594 640 3658 rei
661 3593 837 3670 videndus,
861 3601 974 3677 utpote
997 3611 1075 3662 oum
1095 3593 1197 3662 iussit
1218 3611 1319 3676 super

245 3721 303 3782 op,
326 3703 499 3786 apparebit
525 3703 672 3781 stabilis,
694 3711 728 3770 st
748 3704 778 3769 si
799 3704 896 3770 aliter
919 3706 1020 3770 fuerit
1045 3704 1129 3768 situs
1154 3705 1242 3781 eius,
1263 3723 1318 3772 vs·

246 3813 308 3878 luti
329 3831 406 3880 eum
428 3815 529 3880 fuerit
550 3831 650 3897 super
668 3817 716 3881 ob
742 3822 775 3880 et
798 3815 854 3891 ob,
875 3815 1006 3880 videtur
1026 3816 1163 3882 moveri.
1184 3816 1317 3882 sivero

244 3924 385 3990 visibilis
418 3926 564 4007 pyramis
596 3910 784 3992 movebitur
808 3925 896 3992 oiroe
920 3933 1082 4009 puuctum
1104 3925 1220 4008 ospitis
1241 3926 1318 4003 sui,

247 4035 306 4117 qui
329 4041 379 4100 est
399 4054 433 4111 a,
456 4043 490 4100 st
515 4036 662 4102 arbitrati
683 4036 846 4101 fuerimus
868 4037 967 4119 quod'
980 4036 1154 4102 distentius
1176 4035 1317 4102 istorum
1359 4123 1362 4128 Ι

246 4145 429 4226 positorum
456 4145 628 4236 radiorum
657 4146 725 4212 siut
753 4146 910 4230 aequum
932 4147 973 4214 sd
993 4146 1153 4223 invium,
1175 4147 1318 4228 siquod
