3550 5452
459 606 498 666 82

457 713 510 775 his
545 729 628 792 quae
664 709 805 774 diximus
816 759 830 784 ,,
857 711 948 790 quod
976 711 1004 772 si
1035 707 1244 789 posuerimus
1273 703 1433 790 angulum
1459 713 1533 791 ped

457 822 543 884 sicut
563 819 720 901 angulum
742 820 831 896 aad,
853 838 922 884 ncn
944 819 1188 899 coniungantur
1209 817 1301 884 linea
1320 821 1368 884 κὴ
1389 827 1422 884 οῖ
1442 820 1533 886 linea

459 931 608 1010 desuper
622 929 764 996 alterum
781 935 979 1010 punctorum
995 929 1026 1002 le,
1041 945 1066 1001 c,
1082 946 1190 1009 neque
1206 928 1248 990 ad
1263 935 1391 1009 partem
1406 947 1532 1006 corum,

460 1041 620 1120 quoniam
642 1037 784 1119 angulus
812 1039 879 1102 abc
906 1037 1085 1106 estmaior
1108 1034 1231 1118 angulo
1256 1039 1346 1117 pet.
1375 1039 1534 1104 Similiter

459 1151 560 1216 etiam
576 1149 863 1224 demonstrabitur,
879 1127 969 1228 quod
984 1148 1012 1208 si
1026 1146 1282 1228 protraxerimus
1299 1167 1367 1212 are
1382 1149 1534 1225 videnda,

458 1278 543 1340 quae
573 1265 623 1322 est
651 1277 690 1334 c,
721 1256 1029 1338 perpendicularem
1050 1267 1083 1320 et
1104 1274 1204 1336 super
1224 1275 1291 1335 cp,
1319 1264 1353 1322 et
1372 1259 1534 1338 produxe·

460 1367 566 1430 rimus
592 1366 700 1430 lineas
730 1375 788 1441 οῖ,
814 1367 877 1441 db,
906 1366 1150 1446 conjungentur
1169 1365 1207 1426 in
1228 1373 1359 1444 prmnto.
1379 1367 1421 1432 lc.
1454 1365 1537 1440 Quia

460 1477 560 1556 igitur
583 1476 808 1556 angelitica,
835 1476 900 1556 ede
922 1481 999 1538 sunt
1021 1473 1195 1554 aequales,
1217 1475 1281 1538 erit
1301 1475 1443 1554 angulus
1464 1477 1536 1540 dic

458 1588 570 1650 minor
590 1591 688 1650 recto.
725 1583 873 1664 Angulus
900 1601 977 1664 ergo
1002 1585 1064 1646 leit
1091 1583 1130 1646 ei.
1150 1583 1404 1663 opposituserit
1424 1585 1534 1650 minor

458 1703 570 1769 recto,
592 1702 625 1760 et
646 1695 723 1758 ideo
745 1701 779 1757 et
800 1694 879 1775 quia
900 1693 1042 1774 angulus
1070 1692 1131 1755 leti
1160 1699 1209 1756 est
1229 1699 1360 1766 rectus,
1381 1711 1423 1758 en
1444 1695 1532 1775 qnod

460 1811 508 1868 est
529 1804 699 1885 oppositus
729 1801 851 1882 angulo
871 1813 948 1882 etc,
977 1803 1040 1869 erit
1061 1800 1150 1882 qued
1174 1817 1213 1866 ex
1234 1802 1382 1882 utrisque
1404 1802 1535 1882 angulis
1625 1874 1629 1877 ,

460 1911 540 1988 tot,
561 1913 624 1976 btls
650 1913 764 1978 minus
784 1913 914 1978 duobus
935 1910 1045 1974 rectis.
1073 1910 1195 1977 lineae
1216 1927 1293 1991 ergo
1315 1921 1373 1985 ct,
1391 1913 1435 1974 db
1457 1913 1533 1974 iun-

461 2029 584 2104 guntur
612 2041 712 2103 super
739 2029 899 2103 punctum
932 2021 967 2082 lc.
1000 2020 1117 2088 Forma
1144 2039 1220 2100 ergo
1252 2038 1290 2096 e,
1320 2037 1421 2101 quam
1448 2022 1537 2086 videt

458 2131 551 2196 visus
582 2134 622 2205 d,
655 2137 705 2195 est
735 2147 835 2210 super
862 2136 1023 2210 punctum
1048 2131 1083 2192 lc.
1117 2105 1247 2192 Accidit
1266 2129 1380 2209 itaque
1409 2130 1445 2192 in
1471 2131 1535 2194 hoc

439 2310 442 2316 ,
459 2241 605 2323 speculo,
627 2241 712 2302 sieut
732 2240 767 2308 id
789 2239 880 2318 quod
901 2243 989 2308 recte
1003 2237 1143 2311 videtur,
1161 2255 1203 2302 eo
1218 2238 1308 2318 quod
1321 2257 1375 2302 res
1389 2257 1475 2319 quae
1488 2239 1536 2302 vi-

409 2397 411 2402 .
461 2353 581 2415 dentur
602 2367 680 2414 cum
705 2366 774 2412 uno
795 2348 890 2413 radio
913 2365 979 2410 nnn
1003 2356 1104 2422 recto,
1119 2347 1334 2428 apparent‘in
1358 2365 1427 2412 uno
1444 2348 1535 2416 <locu

502 2461 583 2524 (ium
609 2458 833 2539 aspexerimus
848 2455 976 2538 aliquid
990 2457 1026 2518 in
1040 2456 1140 2537 plano
1154 2457 1300 2538 speculo,
1316 2457 1472 2523 distantia
1485 2458 1534 2524 rei

460 2571 620 2636 videndae
649 2576 682 2632 et
709 2567 864 2635 distentia
886 2569 1013 2630 formae
1035 2567 1106 2630 eius
1129 2587 1149 2630 a
1170 2567 1248 2630 visu
1268 2567 1424 2648 aequales
1444 2574 1534 2630 aunt.

457 2682 536 2742 Esto
557 2684 647 2744 recta
663 2677 765 2752 linea,
785 2695 869 2756 quae
885 2674 921 2738 in
937 2675 1036 2756 planu
1052 2674 1186 2756 speculo
1198 2677 1266 2754 adp
1282 2675 1344 2756 (pic.
1361 2675 1432 2752 24),
1448 2654 1480 2739 el
1492 2677 1537 2740 sit

461 2788 550 2851 visus
570 2795 713 2868 punctus
735 2788 768 2862 d,
791 2804 844 2850 ree
867 2793 978 2850 autern
1000 2785 1143 2850 videnda
1164 2793 1306 2865 punctus
1320 2803 1349 2862 e,
1373 2792 1406 2849 et
1418 2785 1535 2850 refrin-

461 2897 549 2977 gitur
569 2896 681 2958 radius
704 2913 724 2958 a
744 2895 818 2958 visu
838 2897 860 2958 d
881 2894 922 2956 ad
938 2893 1093 2974 aequales
1109 2893 1258 2974 angulos,
1275 2893 1382 2974 sitque
1397 2895 1481 2970 dic,
1503 2903 1536 2962 et

445 3005 667 3094 ‘protrahatur
689 3005 730 3070 ab
752 3023 767 3068 c
787 3003 1070 3085 perpendicularis
1092 3020 1192 3083 super
1213 3022 1270 3083 ap,
1292 3003 1401 3084 sitque
1423 3022 1481 3079 ca,
1504 3010 1536 3066 et

460 3117 684 3198 producantur
697 3098 807 3178 lineae
823 3115 883 3190 dt,
897 3133 949 3187 cz,
965 3130 1138 3193 quousque
1153 3111 1336 3191 iungantur
1350 3113 1386 3174 in
1397 3114 1434 3176 lt.
1452 3112 1538 3176 Dici·

460 3244 535 3288 mus
551 3244 629 3304 ergo
642 3225 732 3306 qnod
747 3225 837 3289 linea
851 3225 900 3288 dt
917 3223 1068 3304 aequalis
1084 3229 1133 3284 est
1147 3222 1294 3301 utrisque
1309 3221 1409 3286 lineis
1424 3222 1480 3296 lob,
1496 3222 1535 3284 bc

460 3335 562 3398 simul
575 3334 727 3414 acceptis,
740 3341 776 3398 et
795 3351 834 3395 ez
856 3334 942 3396 sicut
962 3335 1024 3408 alu
1044 3331 1204 3412 quoniam
1219 3349 1296 3410 ergo
1315 3331 1455 3412 angulus
1468 3332 1536 3397 cdd

461 3449 511 3508 est
524 3443 672 3523 aequalis
689 3441 811 3522 angulo
826 3443 899 3518 τοο,
915 3449 946 3505 οῖ
962 3441 1103 3521 angulus
1117 3441 1183 3504 zblt
1197 3440 1283 3504 sicut
1297 3440 1437 3522 angulus
1453 3441 1534 3515 abd,
1556 3429 1562 3440 ¹

459 3554 538 3633 quia
564 3559 645 3624 suntw
669 3552 834 3632 oppositi;
868 3549 1009 3636 angulus
1035 3569 1112 3616 vero
1135 3551 1193 3630 qui
1216 3558 1267 3617 est
1292 3567 1395 3630 penes
1417 3569 1452 3624 a,
1485 3557 1536 3612 est

459 3669 578 3736 rectus,
601 3669 632 3724 et
652 3661 756 3724 linear
771 3664 812 3724 br
837 3660 1024 3724 communis
1047 3666 1096 3724 est
1117 3661 1245 3725 duobus
1262 3659 1533 3740 triangulisdslt,
1593 3718 1597 3727 .

461 3761 534 3846 bre,
555 3771 731 3834 eritlinea
758 3783 794 3834 ez
811 3771 904 3834 ,sicut
925 3773 989 3845 rh„
1007 3777 1048 3834 ὀῖ
1070 3768 1158 3835 linea
1184 3770 1223 3833 bc
1249 3770 1333 3835 siem
1359 3769 1448 3832 linea
1470 3771 1532 3842 etp

453 3888 493 3944 at
519 3881 547 3942 si
580 3880 789 3962 posuerimus
820 3883 873 3944 db·
894 3897 1125 3953 communem,
1152 3879 1215 3943 erit
1242 3885 1310 3944 tela
1342 3879 1416 3941 dblt
1449 3877 1535 3940 sicut

461 4000 620 4072 utraeque
635 3991 745 4056 lineae
760 3992 816 4065 di,
832 3992 869 4052 be
890 3988 990 4054 simul
1008 3997 1170 4070 acceptae.
1195 3991 1237 4062 Er
1253 3987 1305 4053 his
1320 3996 1431 4052 autern
1442 4004 1534 4082 ‘quae

464 4102 618 4176 (linimur,
634 4083 841 4180 dignoscetur
856 4101 944 4182 quod
960 4099 1066 4175 [orma
1080 4117 1202 4174 rerum,
1218 4116 1358 4178 quarum
1378 4095 1535 4160 distantia
