3512 5456
460 613 520 674 lte

456 724 595 787 fractum
614 743 632 787 a
646 731 764 804 puncto
778 728 797 787 d
810 743 908 806 snper
923 727 976 800 lad,
993 727 1098 806 sitque
1113 727 1207 790 stella
1217 744 1314 808 super
1325 725 1483 807 punctum
1494 729 1522 802 ts,

458 843 489 896 et
511 836 589 914 quia
609 835 746 898 visibilis
768 835 878 898 radius
893 837 1051 916 frangitur
1067 855 1166 918 super
1183 837 1246 900 loci
1262 837 1465 919 superficiem
1482 841 1522 902 ad

456 943 566 1008 locum
588 947 800 1008 remotiorem
821 964 840 1009 a
861 953 981 1027 puncto
1004 968 1030 1022 e,
1056 949 1095 1010 de
1118 946 1205 1010 linea
1227 956 1335 1010 erecta
1355 966 1453 1029 snper
1471 967 1523 1012 su·

457 1055 633 1135 perficiem,
649 1056 688 1119 de
704 1074 768 1136 qna
784 1057 819 1117 iit
834 1056 928 1118 llexio
944 1059 985 1119 ad
999 1055 1152 1138 aequales
1167 1057 1315 1138 angulos,
1333 1059 1395 1121 erit
1407 1059 1520 1138 ntique

455 1165 592 1245 angulus
610 1165 683 1240 istit,
699 1166 755 1246 qui
774 1173 822 1229 est
836 1167 870 1228 in
887 1167 1050 1230 subtiliori
1066 1185 1213 1249 corpore,
1226 1170 1339 1234 maior.
1352 1169 1522 1232 videbitur
1587 1213 1591 1224 .

454 1291 529 1358 ergo
551 1275 645 1338 stella
666 1296 685 1338 a
705 1284 825 1357 puncto
847 1295 862 1338 e
882 1294 980 1358 super
993 1278 1115 1340 lineam
1133 1281 1217 1354 ads,
1235 1287 1267 1341 ει
1283 1280 1344 1342 erit
1366 1280 1521 1342 distantia

457 1386 526 1449 elus
548 1403 566 1448 a
587 1394 718 1466 puncto,
739 1387 796 1468 qui
818 1395 866 1450 est
888 1405 985 1468 super
1006 1388 1122 1468 capita,
1145 1390 1254 1452 minor
1268 1405 1366 1469 quam
1380 1407 1458 1452 vera
1473 1390 1521 1452 di·

456 1497 582 1559 stantia.
614 1496 783 1560 Videbitur
809 1497 898 1560 enim
931 1498 966 1560 in
994 1499 1148 1562 distantia
1170 1516 1253 1578 quae
1276 1507 1324 1562 est
1345 1501 1517 1562 circumie-

454 1607 559 1668 rentia
580 1623 633 1682 ez,
655 1607 724 1670 vice
747 1608 1030 1671 circumferentiae
1053 1608 1103 1670 ke.

494 1717 618 1790 Quanto
647 1717 750 1796 magis
778 1717 876 1798 igitur
902 1719 1022 1797 positio
1044 1719 1143 1781 licerit
1164 1719 1360 1793 sublimior,
1383 1721 1445 1784 erit
1465 1721 1517 1784 di·

451 1829 586 1890 versitas
614 1827 699 1903 loci,
729 1827 762 1889 in
792 1846 857 1908 quo
884 1828 1012 1890 videtur
1033 1827 1146 1902 stella,
1175 1829 1215 1890 ad
1242 1847 1355 1892 verum
1385 1830 1516 1904 locum,

451 1937 572 2014 mincr;
596 1944 628 2000 et
650 1939 677 2000 si
700 1938 798 2000 inerit
820 1938 852 1999 in
876 1957 906 2011 ε,
929 1955 996 2000 non
1010 1938 1076 2028 ‘ilat
1098 1937 1202 2014 flexio,
1221 1941 1378 2019 quonlam
1403 1959 1422 2003 a
1443 1940 1515 2002 visi-

452 2047 512 2110 bili
533 2047 646 2123 radio,
674 2048 731 2128 qui
759 2049 905 2128 procedit
926 2064 944 2110 a
966 2055 1125 2128 punctos
1148 2050 1188 2111 ad
1209 2056 1365 2130 punctum
1387 2069 1421 2122 e,
1450 2067 1516 2113 non

451 2159 488 2222 nt
508 2158 623 2235 ilexio;
652 2165 729 2222 tnnc
752 2159 841 2221 enim
864 2160 925 2221 erit
947 2159 1225 2239 perpendicularis
1252 2177 1352 2241 super
1379 2159 1516 2240 superii-

451 2269 553 2343 ciem‚
576 2269 616 2332 de
639 2287 705 2350 qua
726 2270 764 2330 iit
785 2268 889 2331 flexio.

397 2407 402 2412 ·
492 2379 549 2462 liis
571 2377 680 2460 itaque
703 2379 913 2459 praepositis,
936 2380 1152 2444 constituatur
1173 2381 1314 2444 circulus
1335 2380 1515 2446 horizontis

450 2491 516 2568 cip
540 2490 606 2568 (sip.
630 2489 712 2563 84),
740 2497 772 2552 ει
792 2489 951 2553 medietas
974 2490 1088 2552 circuli
1111 2490 1359 2566 meridionalis,
1384 2491 1441 2570 qni
1463 2499 1513 2554 εει

452 2617 548 2680 super
571 2607 689 2662 terram
711 2617 812 2679 casp,-
835 2607 866 2662 et
888 2607 1027 2678 punctus
1050 2601 1107 2680 qui
1125 2609 1173 2662 est
1187 2619 1286 2681 super
1300 2602 1415 2681 capita,
1431 2602 1473 2664 sit
1486 2621 1513 2676 e,
1611 2625 1615 2629 ·

451 2715 482 2772 et
500 2709 604 2788 polus
634 2727 794 2790 apparens
825 2711 864 2771 de
893 2709 978 2789 polis
1005 2710 1162 2789 sphaerae
1185 2718 1323 2790 punctus
1345 2729 1380 2786 z‚·
1409 2712 1514 2790 sitque

449 2820 569 2893 sectio,
591 2838 674 2900 quae
697 2827 746 2882 εει
768 2837 865 2899 supra
887 2827 1007 2882 terram
1031 2821 1070 2883 de
1093 2821 1181 2884 linea
1199 2821 1436 2901 aequidistante
1456 2839 1513 2884 ae·

453 2928 648 3009 quincctiali
676 2936 864 2992 transeunte
887 2948 945 3010 per
974 2932 1131 3010 quasdam
1160 2929 1271 2994 stellas
1295 2931 1383 3006 bled,
1408 2931 1514 3010 sitque

450 3040 545 3103 stella
561 3047 709 3120 quaeest
726 3057 823 3121 super
839 3041 923 3102 hanc
937 3039 1058 3105 lineam
1073 3058 1172 3121 prope
1188 3041 1400 3118 horizontem,
1415 3059 1515 3121 penes

450 3158 608 3231 punctum
632 3160 662 3221 t:
691 3158 723 3214 et
750 3151 792 3212 sit
815 3150 975 3213 medietas
998 3149 1132 3224 circuli,
1155 3167 1238 3230 quae
1262 3159 1432 3232 estsuper
1453 3159 1515 3214 ter·

451 3279 520 3323 ram
550 3263 589 3324 de
619 3259 741 3323 circulo
773 3269 958 3323 transeunte
980 3279 1038 3340 per
1063 3269 1220 3350 punctum
1250 3261 1306 3341 qui
1335 3269 1384 3324 εει
1414 3279 1513 3341 super
1544 3273 1560 3294 '

448 3372 575 3453 capita,
606 3379 639 3434 et
666 3388 724 3450 per
751 3369 880 3432 stellam
903 3380 914 3430 t
940 3369 1167 3434 semicirculus
1190 3371 1277 3434 tert.
1311 3371 1391 3444 Quia
1414 3371 1514 3450 igitur

450 3481 546 3544 stella
566 3499 640 3544 cum
664 3481 761 3544 luerit
787 3499 886 3561 prope
908 3481 1128 3555 horizontem,
1150 3481 1277 3544 videtur
1298 3481 1514 3562 propinquior

451 3592 491 3653 ad
509 3600 667 3672 punctum
690 3590 747 3671 qni
770 3598 818 3654 εει
841 3609 939 3670 super
960 3591 1077 3671 capita,
1100 3593 1255 3670 quemad
1274 3589 1510 3654 carumlocum

447 3717 566 3777 snum,
596 3709 627 3764 et
654 3700 762 3764 differt
790 3719 808 3762 a
836 3719 913 3764 vero
941 3700 1014 3763 loco
1044 3715 1104 3763 suc
1126 3702 1161 3762 in
1185 3701 1336 3763 maximis
1357 3701 1511 3776 circulis,

446 3813 502 3892 qui
531 3820 700 3877 transeunt
727 3831 785 3892 per
813 3821 951 3892 punctos
979 3813 1182 3884 horizontis,
1212 3811 1303 3874 locus
1332 3813 1446 3893 utique
1474 3813 1508 3891 in

446 3941 510 4002 quc
533 3921 627 3986 stella
648 3923 789 3996 videtur,
813 3940 896 4002 quae
920 3930 969 3985 est
990 3941 1088 4005 snper
1109 3932 1265 4004 punctum
1283 3933 1307 3996 t,
1322 3924 1384 3986 erit
1397 3923 1512 3986 intere

447 4041 478 4096 et
494 4041 515 4107 t,
533 4033 625 4096 ‘sicut
647 4039 778 4114 apparet
800 4032 832 4095 in
856 4039 1032 4112 punctam,
1055 4041 1088 4096 et
1108 4033 1198 4098 linea
1220 4034 1442 4113 aequidistans
1457 4049 1509 4096 ae·

446 4143 653 4225 quinoctiali,
670 4161 754 4225 quae
771 4144 887 4206 transit
900 4159 959 4224 per
976 4151 1132 4226 punctum
1145 4164 1188 4219 m,
1205 4145 1310 4224 magis
1333 4143 1511 4207 declinabit
