3512 5456
441 587 499 652 124

480 702 516 762 In
547 701 697 764 concavis
726 701 870 783 speculis
898 701 927 764 si
955 701 1061 766 forma
1090 701 1138 764 rei
1165 699 1326 766 videndae
1348 700 1514 767 videbitur

437 818 524 874 retro
547 811 737 892 speculum,
760 820 792 877 et
813 813 934 894 positio
956 812 1062 891 ipsius
1085 811 1133 874 rei
1150 810 1250 874 fuerit
1264 807 1323 874 illa
1339 829 1440 892 quarn
1454 831 1514 876 no·

437 920 639 984 minavimus
663 922 868 1009 oppositam,
891 923 1077 984 secundum
1100 937 1246 1001 eaquae
1269 939 1358 985 nunc
1380 921 1420 986 de
1440 922 1532 1006 aliis¹

436 1031 596 1109 diximus,
618 1031 727 1095 lineae
751 1033 867 1114 utique
886 1049 970 1111 quae
986 1030 1142 1113 copulant
1156 1031 1318 1101 terminos,
1330 1033 1512 1095 formarum

435 1125 706 1220 magnitudinum
727 1143 948 1206 videndarum
971 1150 1129 1223 apparent
1144 1143 1286 1206 maiores
1300 1141 1409 1218 lineis,
1425 1160 1509 1223 quae

438 1253 594 1334 copulant
624 1253 785 1316 terminos
813 1271 925 1316 rerum
953 1253 1195 1330 videndarum,
1228 1252 1257 1315 si
1288 1252 1516 1334 aspicerentur

438 1363 510 1426 sine
532 1363 797 1427 reverberatione
820 1363 1006 1426 secundum
1029 1364 1247 1446 quantitatem
1269 1363 1444 1428 distantiae
1464 1381 1514 1456 ae7

438 1473 573 1554 qualem
596 1474 772 1538 distantiae
794 1474 937 1548 formae,
960 1479 992 1537 et
1014 1473 1213 1556 positionem
1235 1472 1408 1556 aequalem
1426 1473 1515 1556 posi·

438 1585 521 1648 tioni
545 1585 618 1648 eius
641 1605 709 1648 non
732 1585 891 1648 translato
913 1585 998 1650 visu.

479 1697 554 1759 Esto
577 1696 680 1759 sectio
703 1695 819 1758 circuli
842 1696 876 1756 in
900 1713 1042 1759 concavo
1065 1695 1201 1777 speculo
1223 1697 1288 1777 obp
1307 1695 1369 1777 (fiq.
1386 1694 1458 1772 tot,
1481 1701 1513 1758 et

440 1813 596 1869 centrum
623 1805 738 1868 circuli
770 1808 810 1881 d,
848 1807 938 1869 visus
965 1813 1075 1870 antem
1099 1823 1135 1882 t,
1162 1813 1195 1870 et
1215 1807 1417 1887 producatur
1437 1805 1515 1869 aba

437 1915 722 1996 perpendicularis
744 1918 806 1990 de,
829 1917 885 1991 bi,
916 1917 1024 1996 sitque
1053 1915 1145 1980 linea
1167 1916 1325 1998 copulans
1353 1916 1513 1980 terminos
1541 1955 1553 1976 .

437 2027 485 2089 rei
504 2027 665 2090 videndae
687 2029 737 2104 ad
758 2027 805 2089 sic
829 2028 950 2108 posita,
968 2034 1005 2090 ut
1019 2027 1110 2090 linea
1125 2028 1169 2090 td
1186 2035 1275 2090 secet
1289 2045 1363 2090 eam
1377 2029 1411 2090 in
1429 2027 1512 2092 duas

436 2137 629 2200 medietates
642 2138 692 2200 ¹ad
714 2143 822 2200 rectos
845 2137 997 2218 angulos3
1021 2138 1117 2200 debet
1139 2139 1228 2200 enim
1252 2138 1335 2201 situs
1351 2139 1424 2201 eius
1440 2155 1513 2202 esse

436 2249 620 2310 secundum
648 2248 901 2329 oppositionem.
928 2247 1168 2311 Protrahantur
1190 2263 1323 2329 quoque
1345 2248 1387 2311 ab
1409 2268 1425 2311 e
1446 2248 1513 2312 duo

436 2358 528 2432 radii,
553 2365 584 2421 et
606 2357 830 2438 refringantur
853 2359 893 2420 ad
915 2377 934 2419 a
957 2364 989 2420 et
1011 2358 1051 2420 ad
1066 2359 1101 2431 h,
1117 2365 1149 2420 et
1163 2357 1231 2420 sint
1245 2375 1298 2436 aa,
1314 2377 1372 2438 eq,
1391 2363 1423 2420 et
1438 2377 1513 2440 pro,-

438 2469 526 2532 ducti
541 2468 721 2548 iungantur
736 2467 836 2530 lineis
849 2469 903 2541 ad,
917 2470 975 2543 dit,
990 2487 1068 2532 cum
1079 2469 1201 2532 fuerint
1215 2474 1397 2550 protractae
1414 2487 1514 2548 super

401 2565 403 2568 ⁵
437 2583 578 2658 punctos
592 2589 611 2652 t,
624 2578 654 2652 k,
665 2579 721 2658 qui
736 2585 814 2641 sunt
827 2584 916 2640 retro
928 2577 1112 2659 speculum,
1128 2584 1160 2640 et
1175 2579 1349 2659 copuletur
1362 2577 1453 2642 linea
1466 2577 1513 2652 iet,

440 2695 473 2751 at
495 2695 583 2751 secet
605 2707 677 2751 eam
700 2688 791 2752 linea
811 2689 871 2764 db,
893 2707 971 2751 cum
995 2689 1093 2750 fuerit
1114 2689 1284 2770 producta,
1307 2707 1411 2770 super
1431 2707 1515 2770 pun-

439 2804 532 2861 ctum
546 2801 566 2861 t.
583 2799 700 2862 Forma
712 2815 788 2879 erge
802 2818 821 2862 z
835 2799 1002 2862 videbitur
1016 2817 1117 2879 penes
1132 2809 1156 2874 t,
1168 2803 1200 2861 et
1213 2800 1320 2862 torma
1331 2802 1353 2863 d
1363 2817 1465 2880 penes
1478 2797 1513 2874 t‚·

438 2907 529 2970 linea
549 2927 626 2972 vero
651 2909 686 2970 tit
714 2918 763 2972 est
791 2909 849 2972 illa
871 2927 956 2990 quae
979 2908 1113 2990 copulat
1135 2909 1295 2972 terminos
1317 2909 1443 2973 formae
1464 2908 1512 2971 rei

438 3019 611 3096 videndae,
632 3027 665 3083 et
679 3021 760 3084 situs
777 3021 848 3083 eius
866 3027 916 3082 est
932 3020 1017 3082 sicut
1032 3019 1151 3100 positio
1167 3021 1224 3082 ad.
1249 3020 1333 3094 Quia
1347 3020 1449 3100 igitur
1465 3019 1514 3081 di·
1585 3011 1591 3024 '

439 3131 558 3192 stantia
574 3138 775 3211 punctorum
786 3133 833 3193 ad
848 3149 866 3193 a
879 3130 953 3193 visu
966 3150 981 3192 e
997 3138 1047 3194 est
1061 3128 1221 3211 aequalis,
1236 3137 1268 3194 et
1284 3130 1398 3211 auguli
1411 3130 1513 3194 refra-

437 3241 556 3303 ctionis
579 3241 747 3322 aequales,
770 3243 831 3304 crit
853 3241 1009 3304 distantia
1029 3241 1213 3304 formarum
1230 3242 1291 3316 t,t
1313 3259 1332 3304 a
1353 3246 1475 3321 puncto
1498 3260 1513 3302 e

437 3349 602 3430 aequalis,
625 3359 657 3414 et
680 3352 758 3430 quia
780 3357 939 3432 utraeque
962 3351 1069 3415 lineae
1084 3362 1132 3429 et,
1152 3354 1186 3414 el
1208 3359 1287 3414 sunt
1304 3351 1389 3414 sicut
1403 3349 1512 3414 lineae

437 3460 494 3536 ke,
509 3463 556 3538 et,
578 3443 798 3541 unaquaeque
813 3462 898 3525 sicut
913 3479 1048 3525 consors
1064 3481 1136 3535 sna,
1154 3470 1186 3525 et
1203 3461 1344 3542 angulus
1361 3463 1411 3523 tel
1426 3461 1513 3524 sicut

439 3571 580 3652 angulus
603 3572 675 3646 ket,
698 3579 731 3636 et
754 3571 869 3636 exinde
893 3579 1022 3653 oportet
1043 3572 1182 3653 angulos
1200 3579 1351 3636 utrorum
1368 3572 1513 3652 triangu-

438 3682 546 3746 lorum
570 3683 725 3764 aequales
748 3701 841 3760 esse;
864 3689 964 3746 erunt
986 3683 1100 3764 utique
1123 3683 1239 3765 anguli
1260 3701 1362 3767 penes
1384 3687 1395 3747 t
1418 3681 1513 3750 racd.

438 3800 471 3856 et
484 3792 522 3855 iet
536 3794 598 3856 erit
613 3795 838 3874 aequidistans
854 3793 962 3857 lineae
977 3795 1032 3866 ad,
1049 3801 1080 3857 et
1095 3795 1159 3856 erit
1174 3795 1341 3875 proportio
1358 3793 1395 3856 iet
1409 3793 1451 3856 ad
1465 3794 1512 3856 ad

361 3926 365 3933 ·
438 3904 525 3967 sicut
546 3906 715 3986 proportio
739 3907 777 3967 td
799 3905 840 3967 ad
861 3907 923 3981 zd;
941 3904 1000 3967 sed
1015 3907 1055 3967 td
1071 3912 1120 3968 est
1140 3905 1249 3968 maior
1263 3923 1364 3986 quam
1379 3906 1437 3981 ad,
1452 3903 1513 3966 erit

438 4031 515 4094 ergo
539 4014 574 4076 ue
595 4015 704 4078 maior
725 4031 826 4095 qnam
847 4016 913 4090 atu·
936 4021 968 4078 et
990 4017 1069 4095 quia
1091 4015 1176 4079 sicut
1189 4015 1224 4078 in
1240 4013 1513 4096 praecedentibus

439 4121 752 4200 demonstravimus,
768 4125 926 4205 possibile
943 4133 993 4189 eet
1007 4127 1263 4208 sequendoque
1280 4143 1351 4191 essa
1367 4124 1454 4190 sicut
1466 4133 1512 4199 ιε,
