3520 5466
434 615 453 678 4

431 735 457 788 et
485 724 582 804 quain
612 724 731 788 uniunt
761 725 800 786 sit
827 725 863 786 in
890 735 1073 804 numaque
1103 739 1209 786 eonon
1223 773 1231 798 ,
1247 733 1291 792 :et
1319 728 1400 803 quoa
1428 724 1510 788 ninii

429 853 468 899 en
489 837 531 897 eis
550 837 727 915 pervisum
748 835 932 912 dipnoseitur
952 835 1016 896 sine
1042 834 1173 911 quotibet
1200 835 1299 897 iuoido
1329 844 1357 897 et
1385 835 1513 914 quolibet

429 945 605 1027 prohibente
624 946 872 1025 penetrationem,
894 952 922 1006 et
943 944 1023 1022 quod
1040 961 1076 1006 en
1090 944 1165 1024 ipsis
1178 945 1268 1006 rebus
1281 945 1417 1008 unnais
1430 947 1509 1007 aliae

430 1057 570 1120 amatur
590 1072 665 1128 uere,
688 1064 715 1120 et
736 1055 814 1121 aliae
834 1055 936 1134 primo
957 1063 986 1115 et
1007 1053 1084 1116 oliae
1106 1063 1268 1136 sequenter.
1284 1055 1320 1116 Et
1338 1056 1509 1148 continetur

432 1167 512 1245 quot
532 1166 568 1238 de
588 1166 690 1228 arteris
709 1163 843 1228 sensibus
868 1173 961 1228 tutus
991 1143 1111 1231 sanun
1138 1151 1341 1240 oonpunioat
1367 1165 1448 1235 ainai
1475 1165 1510 1226 in

432 1275 637 1353 dipnosoendis
655 1263 821 1352 praedietis
838 1273 927 1336 rebus
947 1273 1095 1347 uidendis,
1115 1283 1235 1354 euoepto
1258 1273 1363 1348 autore,
1385 1275 1512 1353 puisaia

433 1386 502 1447 vnn
522 1384 717 1462 dipnosoitnr.
742 1382 942 1446 Continentur
959 1384 1048 1444 etiam
1070 1400 1124 1457 ea,
1146 1401 1221 1460 quoe
1249 1385 1392 1446 uidentur
1418 1386 1515 1462 napis

433 1504 462 1558 et
488 1497 612 1570 ninus;
640 1502 669 1556 et
694 1495 774 1572 quod
800 1479 869 1570 res,
898 1507 1062 1572 quaeant
1084 1502 1112 1555 et
1133 1511 1209 1571 quoe
1228 1495 1329 1572 prino
1351 1494 1512 1569 uidentur,

433 1614 581 1688 apparent
605 1621 662 1685 per
686 1604 854 1682 passionem
878 1583 1058 1666 &sidentem
1083 1579 1121 1666 in
1145 1605 1234 1677 uisu,
1258 1605 1346 1666 auius
1367 1604 1513 1682 passionis

435 1716 498 1780 alia
519 1724 560 1778 est
581 1715 733 1787 coloratio,
754 1713 817 1776 alia
839 1716 944 1792 praetio
965 1722 993 1775 et
1009 1713 1072 1776 aiio
1092 1713 1262 1787 reuolutio;
1284 1730 1360 1792 quoe
1381 1731 1450 1776 uero
1467 1731 1514 1778 se·

435 1834 556 1905 quanter
571 1825 733 1897 uidentur,
754 1833 898 1902 apparent
916 1840 971 1900 per
993 1823 1169 1895 noidantia,
1191 1840 1267 1901 quae
1288 1824 1515 1908 annuunt-pns-

433 1936 520 1999 sioni.
545 1933 582 1996 Et
609 1933 780 1996 continetur
804 1933 936 2012 qualiter
961 1943 1105 2013 apparent
1130 1949 1206 2011 puae
1232 1950 1355 1996 sursum
1381 1943 1409 1995 et
1439 1950 1514 2016 quae

431 2046 590 2118 deorsum,
608 2052 636 2106 et
656 2061 731 2123 quoe
753 2061 772 2104 a
793 2043 907 2127 neutris
929 2052 957 2105 et
979 2060 1056 2122 qnae
1076 2061 1095 2106 a
1116 2044 1271 2116 sinistris,
1294 2053 1322 2105 et
1343 2061 1420 2122 quae
1439 2061 1512 2124 pro·

433 2156 551 2236 pinpua
566 2162 595 2217 et
616 2171 690 2233 puae
711 2161 834 2214 renota.
858 2151 1033 2216 continetur
1054 2153 1146 2216 etiam
1168 2153 1246 2231 quod
1267 2170 1331 2215 nno
1357 2153 1442 2216 oouto
1468 2155 1514 2216 vi·

433 2267 545 2338 arear,
565 2263 600 2326 in
620 2279 682 2326 una
703 2264 766 2327 inea
788 2261 909 2337 vieini,·
929 2262 1068 2326 similiter
1087 2280 1207 2342 onom
1228 2264 1264 2325 in
1285 2273 1354 2326 nne
1381 2264 1444 2328 iona
1459 2266 1515 2326 ui·

436 2377 502 2440 deri
521 2377 554 2438 id
575 2375 655 2454 quod
676 2390 747 2436 oum
766 2375 904 2452 unisone
922 2374 1016 2436 osuin
1044 2375 1209 2454 aspicitur,
1236 2375 1399 2438 nanneno
1424 2375 1518 2440 amul
1639 2373 1644 2380 ’

433 2488 597 2568 oepiaiattu
616 2469 670 2562 per
690 2485 791 2546 radios
811 2483 917 2546 orante
937 2483 1124 2560 oonsimiies,
1152 2485 1286 2547 offleiint
1313 2483 1454 2548 natura
1481 2485 1518 2546 in

436 2611 619 2674 unaquaque
640 2591 1021 2674 risibiliumppranieiun
1041 2595 1173 2656 mern
1191 2595 1369 2674 positionem
1386 2603 1518 2674 sespeotu

435 2705 557 2788 proprii
582 2705 671 2779 ouis,
698 2705 780 2788 quod
801 2699 835 2781 it
855 2717 927 2766 enm
948 2718 1021 2766 onas
1040 2689 1185 2766 utrorum
1207 2705 1405 2783 pprauiiun
1433 2721 1523 2785 asper

437 2833 532 2879 unam
553 2823 580 2876 et
600 2817 733 2877 eamden
754 2829 818 2878 rens
840 2815 1017 2888 ueneritne,
1039 2816 1117 2878 mut
1137 2816 1324 2881 naturaiiter
1341 2815 1517 2879 muttum

438 2935 481 2989 est
492 2926 659 3008 nspioienti.
677 2925 772 2988 Sensi
788 2927 869 2988 onus
882 2933 1003 3004 nepueu
1017 2925 1152 2988 entem
1170 2927 1412 2988 eonnenatnen
1430 2941 1541 2988 susos.

437 3030 565 3116 quistet
583 3035 689 3108 modo,
709 3041 738 3097 et
760 3035 955 3112 transferetur
973 3051 1064 3115 penes
1083 3036 1177 3097 alian
1197 3051 1274 3109 rens,
1296 3044 1324 3096 et
1342 3035 1426 3097 radii
1446 3052 1518 3097 oau-

438 3147 538 3210 iorum
559 3147 595 3207 in
615 3145 709 3212 simon
729 3146 888 3208 renuerint
908 3159 1000 3224 snper
1021 3141 1109 3208 iiiam
1129 3146 1235 3208 ordine
1254 3145 1438 3219 dnsiniim
1467 3162 1522 3225 ap·

436 3255 552 3338 parebit
571 3257 675 3332 utique
695 3267 740 3316 res
759 3257 824 3332 ipsa
844 3268 909 3317 uno
929 3255 966 3316 in
985 3253 1109 3321 diensis
1131 3257 1211 3318 toris.
1225 3255 1415 3333 inparem
1428 3253 1519 3316 eiiam

439 3367 516 3428 dnae
537 3367 572 3426 in
593 3361 687 3426 trtius
708 3365 783 3426 loeis·
799 3373 828 3425 et
848 3364 883 3426 in
904 3365 1153 3442 onotnomtenr
1172 3365 1340 3426 osannae
1353 3378 1410 3443 per
1429 3365 1518 3443 repis-

441 3475 501 3537 tnrn
523 3481 553 3535 et
572 3474 737 3552 optineres,
761 3487 835 3552 quos
855 3473 936 3536 donet
957 3473 1035 3550 fiai.
1066 3472 1142 3534 itern
1166 3475 1337 3538 eontinetur
1363 3475 1519 3536 nussum

439 3584 686 3661 mapnitueiinurn
706 3595 744 3644 ea
765 3583 886 3660 uraniis
907 3583 1101 3648 steterentin
1121 3593 1149 3645 et
1164 3584 1319 3661 positione,
1341 3592 1370 3644 et
1389 3582 1520 3663 qualiter

438 3695 624 3758 sentiunnar‘
636 3691 730 3756 tuone
749 3701 845 3754 reatae
856 3693 1098 3774 nannum,
1119 3692 1290 3774 naperpiaia
1309 3694 1401 3756 etim
1425 3693 1520 3773 pinso

371 3854 380 3872 .
441 3811 469 3868 et
488 3801 642 3880 naeniae
662 3811 690 3866 et
711 3817 805 3864 aaran
824 3808 852 3864 et
872 3818 1009 3876 uuonan,
1032 3813 1060 3865 et
1081 3803 1403 3884 antiatinus-speeies
1421 3809 1519 3864 notus

443 3920 471 3973 at
491 3913 709 3992 direptionum
731 3927 830 3989 neure·
844 3913 919 3976 aliae
939 3921 1012 3974 sense
1032 3914 1068 3974 in
1087 3916 1156 3976 uisu
1176 3922 1203 3974 et
1222 3913 1303 3976 atina
1321 3914 1357 3975 in
1374 3923 1482 3988 mutto,
1494 3921 1521 3973 et

443 4022 520 4083 oliae
539 4023 574 4084 in
595 4023 667 4103 ipsis
688 4021 775 4084 rebus
796 4023 945 4096 suendis,
967 4041 1020 4086 nea
1041 4041 1104 4086 non
1125 4024 1247 4102 saliaria
1260 4032 1287 4086 ot
1300 4038 1431 4098 urerer,
1445 4039 1520 4101 pase

444 4133 584 4195 auiiemt
597 4133 678 4196 usui
691 4133 733 4195 'in
753 4133 841 4198 noas
861 4133 1006 4198 adonin
1091 4147 1093 4152 ’
1449 4135 1454 4144 ’
