3550 5452
1272 593 1333 660 tot

259 713 310 775 est
330 707 418 772 iuter
439 707 450 771 l
471 713 504 774 et
524 717 549 784 t,
571 715 629 772 aut
647 725 685 772 ex
700 725 739 772 ea
754 725 839 790 quae
854 706 941 772 inter
955 707 986 782 b,
1000 704 1033 780 lt,
1049 711 1081 770 et
1096 705 1335 771 demoneuabi·

258 837 334 884 mus
350 817 435 884 illud
452 819 489 886 in
504 819 612 900 figura
632 818 736 882 simili
757 819 868 894 modo,
891 835 960 882 ucu
979 815 1098 882 accidit
1115 815 1333 898 impossibile

257 928 371 1010 murti
393 929 484 994 enim
510 930 619 996 obtusi
648 929 768 994 debent
792 928 1043 1002 ercammarus,
1071 927 1100 990 si
1121 926 1333 1010 posuerimus

258 1038 399 1120 figuram
420 1039 456 1102 iu
477 1038 541 1106 boc
562 1046 660 1106 statu.

300 1147 347 1214 Ne
374 1148 476 1230 igitur
497 1167 607 1216 sermo
629 1167 728 1232 super
748 1149 812 1215 hoo
833 1148 1069 1230 prolongetur,
1098 1148 1257 1214 debemus
1280 1147 1331 1212 di-

258 1275 332 1324 cere
354 1249 445 1342 quod
467 1259 611 1324 circulus
633 1263 704 1324 stt
727 1260 790 1340 (Μ.
808 1261 861 1336 itt
885 1260 951 1322 nisi
973 1259 1132 1326 secaverit
1153 1258 1254 1324 aliam
1269 1259 1333 1322 cir·

257 1369 510 1438 cumferautiam
538 1389 640 1453 quam
668 1372 740 1448 tm,
763 1375 796 1436 et
823 1371 1055 1434 transducatur
1083 1376 1225 1452 punctus
1250 1388 1270 1432 s
1297 1370 1332 1434 in

257 1477 379 1558 icccc,
400 1480 585 1546 secuudum
607 1481 696 1562 quod
717 1481 753 1544 in
774 1481 942 1562 praesenti
963 1480 1082 1560 figura,
1104 1479 1156 1544 vel
1179 1480 1332 1544 transdu-

257 1595 349 1654 catur
369 1597 459 1657 erma
475 1608 564 1668 eam,
580 1592 861 1658 reverberationes
879 1593 994 1673 utique
1013 1607 1098 1672 quae
1116 1589 1200 1656 flunt
1218 1592 1258 1656 ad
1277 1607 1346 1655 aa··

257 1700 372 1781 quales
394 1701 533 1783 angrrlos
556 1719 576 1766 a
596 1703 728 1784 punctis
745 1704 775 1778 t,
792 1703 826 1778 t,
849 1708 947 1766 erunt
964 1719 1003 1766 ex
1020 1702 1149 1766 duobus
1164 1700 1246 1766 locis
1260 1707 1332 1766 tau·

258 1819 328 1876 tum
343 1810 431 1876 iuter
444 1813 461 1876 b
475 1818 509 1877 et
521 1811 556 1888 lt,
579 1813 608 1876 si
629 1813 950 1894 praetermiserimus
974 1812 1274 1880 circumferentiam
1289 1815 1332 1888 tt,

256 1923 415 2002 quoniam
436 1923 702 1988 circumferentia
723 1925 763 1988 ct
786 1931 854 1990 tota
877 1926 939 1990 erit
959 1924 1048 1988 infra
1069 1923 1232 1998 circulum
1249 1923 1350 2000 dri„

256 2040 289 2098 et
303 2033 581 2114 demonstrabitur
603 2033 705 2098 simili
728 2036 839 2110 modo,
862 2035 951 2116 quod
973 2053 1041 2098 uon
1064 2034 1254 2114 refringitur
1276 2034 1333 2098 ali·

256 2143 331 2223 quis
353 2137 559 2225 reliquorum
580 2145 751 2208 radiorum
767 2146 808 2208 sd
823 2144 977 2226 aequales
994 2143 1144 2224 angulos.
1169 2143 1202 2208 Si
1219 2149 1332 2208 autem

255 2255 464 2333 posuerimus
483 2253 648 2318 circulum
664 2255 735 2320 zdlt
750 2255 812 2334 tfip.
829 2257 881 2330 ist
906 2262 1075 2320 secantem
1096 2255 1331 2318 circumferen-

256 2362 336 2429 dan
358 2362 391 2426 lt
418 2362 540 2440 solam,
569 2362 662 2428 locus
682 2364 798 2444 utique
826 2363 962 2428 alterius
991 2364 1147 2428 sectionis
1175 2364 1203 2425 si
1232 2363 1332 2428 fuerit

256 2489 356 2553 super
369 2480 532 2555 puuctum
547 2475 574 2550 t,
591 2474 677 2538 sicut
691 2475 727 2537 in
742 2475 908 2555 praesenti
923 2474 1042 2554 figure,
1058 2482 1115 2538 aut
1131 2474 1231 2538 fuerit
1246 2474 1332 2538 iuter

254 2588 394 2664 punctos
408 2603 447 2660 c,
463 2584 501 2659 t,
523 2585 743 2650 reverberatio
764 2584 801 2648 tlt
815 2585 902 2648 inter
917 2592 1057 2666 punctos
1075 2595 1101 2659 t,
1118 2587 1151 2659 t,
1174 2585 1333 2666 quonism

255 2693 518 2761 circumferentia
538 2694 579 2758 tt
596 2694 731 2770 decidit,
754 2703 786 2758 et
802 2696 849 2759 sic
867 2715 936 2774 non
954 2696 991 2760 iit
1012 2696 1089 2760 inde
1110 2696 1329 2762 reverberatio
1442 2759 1445 2765 .

254 2803 296 2868 ad
325 2803 480 2886 aequales
509 2805 662 2886 angulum
692 2806 958 2870 circumferentia
979 2807 1070 2870 enim
1093 2809 1134 2888 tp
1157 2807 1219 2872 erit
1241 2814 1330 2872 extra

254 2913 423 2983 circulum.
446 2917 730 2982 Demonstrabitur
753 2917 852 2983 etiam
870 2919 1055 2982 secuudum
1073 2937 1113 2982 aa
1131 2937 1215 3000 quae
1236 2937 1330 3000 prae·

246 3025 436 3106 posuimus,
459 3045 527 3092 uon
551 3027 623 3090 fleri
645 3027 945 3094 reverberationem
961 3029 1004 3092 ad
1019 3028 1174 3110 aequales
1190 3027 1330 3109 angulos

253 3143 383 3218 praeter
400 3138 439 3200 ,in
460 3145 585 3220 puncto
608 3157 709 3220 quam
731 3140 881 3204 diximus.

294 3246 416 3311 Accidit
435 3249 538 3316 etiam
560 3268 660 3332 prope
682 3252 717 3316 id
738 3251 828 3332 quod
850 3250 974 3314 dictum
997 3256 1062 3324 est,
1085 3267 1163 3314 cum
1185 3250 1329 3315 circulus
1446 3269 1448 3273 ·

252 3358 325 3423 stt
348 3357 411 3440 (Μ.
430 3359 484 3435 tat
509 3378 580 3424 nou
602 3364 761 3427 secaverit
780 3360 945 3426 circulum
965 3362 1049 3441 cbp,
1072 3368 1104 3424 et
1126 3361 1225 3426 fuerit
1245 3381 1331 3442 puu-

252 3473 362 3534 ctuse
390 3469 476 3535 inter
503 3477 645 3551 punctos
666 3492 699 3549 s,
723 3475 759 3548 ls,·
791 3472 829 3534 fit
851 3473 943 3538 enim
964 3490 1033 3536 una
1062 3478 1192 3536 tautum
1219 3489 1329 3536 rever·

250 3576 377 3644 beratic
394 3580 442 3646 ad
463 3579 619 3662 aequdes
643 3581 790 3664 angulos.
823 3585 897 3648 Esto
920 3581 1064 3648 cuculus
1084 3584 1158 3648 sitit
1183 3601 1251 3648 non
1273 3601 1332 3648 se·

250 3704 329 3762 titus
350 3688 514 3762 circulum
534 3693 613 3772 obp,
637 3685 744 3774 sitque
761 3694 855 3776 prius
876 3711 915 3760 se
936 3694 1022 3760 sicut
1044 3695 1096 3760 et.
1118 3694 1329 3758 Manifestum

250 3806 301 3866 est
328 3817 407 3881 ergo
437 3817 477 3866 ex
504 3800 557 3868 his
585 3821 671 3884 quaa
696 3805 970 3886 praeposuimus,
998 3805 1089 3887 quod
1110 3805 1330 3870 reverberatio

251 3909 314 3977 stit
342 3929 362 3976 a
392 3912 552 3992 punctot
581 3913 623 3978 ad
651 3914 805 3996 aeqtrales
832 3915 993 3995 angulum
1022 3922 1055 3980 et
1080 3899 1202 3980 iterum
1223 3915 1331 3980 mani·

249 4019 371 4092 ertum
399 4023 482 4098 urit,
508 4023 598 4104 quod
627 4041 694 4091 nou
723 4024 762 4088 fit
782 4025 933 4092 refractio
953 4044 976 4090 a
997 4025 1274 4092 circumferentiis
1294 4026 1332 4090 ol

252 4136 286 4199 st
303 4132 493 4220 ortttlucd
519 4139 631 4204 autem
656 4135 862 4218 impossibile
889 4137 933 4200 sit
959 4135 1031 4204 fleri
1053 4135 1284 4204 refractionem
1309 4152 1331 4201 a
