3550 5452
433 621 474 686 te

433 748 509 794 cum
532 746 585 792 ras
607 745 689 810 quas
710 728 801 791 visus
822 730 985 808 penetrat,
1007 739 1077 788 non
1098 721 1224 786 inerint
1242 720 1338 788 valde
1359 721 1509 801 subtiles,
1613 749 1616 760 ι

432 841 490 905 sed
512 841 631 928 fiatqex
653 840 701 902 eis
723 839 839 902 fractio
861 837 989 900 habens
1008 834 1239 916 quantitatem,
1255 851 1318 898 nec
1332 833 1510 898 habuerint

434 952 570 1015 omnino
591 948 736 1014 colorem
757 948 934 1012 remissum
956 963 1018 1009 nec
1038 944 1133 1010 valde
1159 943 1341 1010 intensum.
1362 945 1396 1008 Si
1417 944 1509 1010 enim

432 1062 610 1124 habuerint
640 1059 785 1122 colorem
815 1056 916 1144 valde·
939 1057 1127 1132 intensum,
1149 1072 1217 1120 non
1240 1055 1433 1137 permittunt
1453 1073 1507 1122 oc·

433 1171 518 1236 iores
537 1189 659 1244 rerum,
673 1187 756 1250 quae
772 1187 830 1251 per
847 1168 1043 1231 fractionem
1058 1167 1219 1240 videntur,
1231 1173 1404 1247 postquam
1418 1165 1507 1230 visus

431 1281 505 1344 illas
528 1280 756 1362 penetraverit,
771 1277 982 1342 commisceri
997 1293 1073 1340 cum
1090 1275 1202 1342 colore
1219 1293 1291 1352 suo,
1307 1275 1509 1358 praecedunt

433 1393 523 1455 enim
546 1398 578 1455 et
598 1391 749 1454 colorant
770 1389 878 1452 visum
902 1405 961 1470 per
988 1387 1142 1452 virtutem
1171 1385 1293 1451 coloris
1321 1403 1455 1464 eorum
1476 1393 1511 1452 et

389 1549 392 1558 .
435 1519 511 1566 cnm
534 1501 711 1565 habuerint
733 1499 878 1564 colorem
899 1497 1091 1574 remissum,
1112 1497 1202 1561 visun
1224 1516 1291 1560 non
1315 1496 1417 1560 sumit
1431 1497 1509 1562 inde

434 1612 589 1676 colorem.
614 1612 676 1676 Sed
698 1629 774 1674 cum
796 1609 910 1672 mixtio
932 1608 1033 1674 fuerit
1054 1607 1235 1682 moderata,
1257 1607 1296 1672 iit
1316 1607 1394 1672 inde
1410 1625 1509 1688 quae·

434 1723 510 1786 dam
533 1722 704 1799 tolmatio,
728 1726 760 1785 et
785 1722 875 1784 visus
901 1719 1041 1799 suscipit
1068 1717 1214 1783 colorem
1244 1717 1395 1793 aliunde,
1419 1717 1510 1782 velut

436 1851 455 1895 a
477 1833 565 1896 nube
587 1832 698 1907 terrm,
722 1849 807 1912 quae
829 1849 898 1894 non
927 1837 977 1896 est
998 1828 1075 1894 alba
1095 1847 1158 1894 nec
1178 1828 1272 1892 valde
1294 1827 1454 1901 colorata,
1477 1833 1510 1892 et

435 1943 590 2006 cornibus
612 1941 729 2019 claris,
752 1941 948 2022 quaerisne
972 1945 1133 2022 penetret,
1157 1945 1190 2002 et
1211 1937 1307 2019 aquis
1321 1937 1508 2012 subtilibus,

434 2067 518 2131 quae
541 2059 620 2114 eunt
641 2067 741 2132 super
762 2051 881 2116 faciem
899 2056 1016 2126 terrae,
1033 2055 1066 2113 et
1080 2048 1193 2114 vitreis
1207 2047 1421 2121 sectionibus,
1435 2045 1506 2110 fru-

435 2163 495 2226 stis
517 2169 549 2226 et
572 2162 645 2226 aliis
669 2179 752 2242 quae
775 2167 853 2224 sunt
874 2160 968 2225 tenui
991 2159 1124 2223 coloris.
1139 2157 1346 2222 videbuntur
1363 2173 1439 2237 ergo
1458 2174 1509 2220 co·

435 2272 524 2336 lorea
545 2291 656 2336 rerum
679 2272 896 2336 videndarum
918 2271 1087 2334 commixti
1109 2287 1186 2333 cum
1208 2267 1319 2332 colore
1334 2267 1393 2343 rei,
1410 2285 1509 2348 quam

434 2384 523 2445 meus
545 2388 708 2463 penetrat,
732 2381 907 2462 compositi
930 2399 967 2444 ex
988 2365 1136 2460 utrisque
1155 2377 1334 2443 coloribus.
1346 2377 1509 2442 dolor-atio

435 2510 511 2555 vero
534 2493 740 2572 subsequens
762 2492 799 2554 flt
820 2490 1004 2556 secundum
1018 2489 1194 2554 flexionem
1211 2489 1361 2569 quidem,
1376 2487 1510 2552 utillud

436 2603 525 2683 quod
547 2602 664 2666 accidit
684 2604 720 2666 in
742 2602 841 2666 rebus
863 2619 945 2682 quas
967 2599 1057 2664 visus
1078 2605 1242 2680 penetrat,
1262 2616 1340 2662 cum
1357 2613 1509 2678 suscepe-

437 2715 503 2776 rint
525 2711 650 2794 aliquid
673 2712 714 2776 de
736 2712 899 2776 coloribus
922 2727 1045 2786 rerum,
1069 2727 1153 2790 quae
1175 2709 1364 2782 inirasnnt,
1379 2715 1510 2788 atquae
1543 2795 1549 2800 .

433 2829 523 2886 retro
555 2840 611 2885 eas
640 2822 800 2886 videntur.
833 2821 1023 2886 Secundum
1053 2819 1352 2884 reverberationem
1382 2823 1511 2892 autem,

435 2933 521 2994 sicut
542 2932 580 2994 fit
600 2933 635 2994 in
659 2932 820 3014 speculis,
843 2933 1002 3012 quoniam
1023 2949 1099 2994 cum
1120 2931 1166 2994 ita
1187 2929 1312 2992 fuerint
1332 2929 1450 3010 posita,
1473 2933 1510 2990 ut

435 3041 509 3106 loca
537 3060 649 3106 rerum
680 3059 764 3123 quae
794 3042 830 3106 in
863 3043 910 3106 eis
942 3048 1120 3123 apparent,
1148 3040 1216 3103 sint
1237 3057 1337 3120 super
1358 3039 1509 3119 ipsorum

436 3152 647 3233 speculorum
677 3153 892 3234 superficies,
924 3157 1081 3234 putantur
1113 3150 1235 3214 habere
1266 3147 1416 3215 'colorem
1441 3147 1510 3224 rei,

436 3279 536 3342 quam
560 3265 650 3327 visus
676 3263 926 3344 comprehendit
955 3267 1028 3344 poet
1055 3258 1365 3326 reverberationem.
1387 3258 1511 3324 Accidit

436 3372 537 3436 etiam
558 3371 623 3436 hoc
645 3374 830 3437 secundum
852 3372 956 3436 alium
983 3371 1122 3436 modum
1147 3369 1340 3452 positionis,
1362 3385 1438 3432 cum
1459 3386 1510 3432 re·

437 3483 622 3547 verberatio
644 3484 683 3545 fit
708 3484 750 3546 ad
773 3483 910 3563 angulos
939 3480 1034 3547 valde
1062 3489 1173 3546 acutos
1200 3501 1221 3545 a
1245 3481 1417 3562 superficie
1438 3499 1512 3561 spe·

437 3593 609 3673 culorum
639 3592 732 3656 locus
755 3594 846 3657 enim
871 3593 907 3657 in
935 3610 1000 3673 quo
1027 3610 1080 3657 res
1107 3600 1263 3674 apparet,
1285 3601 1335 3656 est
1362 3591 1511 3656 determi-

438 3711 552 3779 natus,
575 3710 609 3768 et
630 3711 679 3768 est
699 3704 757 3768 ille
779 3705 814 3767 in
843 3721 909 3785 quo
935 3703 1139 3768 conveniunt
1165 3703 1294 3780 radius,
1316 3702 1375 3785 qui
1396 3722 1416 3768 a
1436 3701 1511 3764 risu

437 3814 584 3896 procedit
605 3817 646 3878 ad
667 3815 849 3897 speculum,
877 3823 911 3880 et
935 3813 1216 3896 perpendicularis
1240 3831 1325 3894 quae
1340 3815 1427 3878 cadit
1442 3831 1461 3877 a
1474 3832 1520 3891 re,

436 3925 579 3989 videnda
600 3927 641 3990 ad
662 3925 788 4006 speculi
811 3927 1031 4007 superficiem,
1054 3944 1130 3989 cum
1151 3925 1252 3988 inerit
1272 3926 1307 3988 in
1327 3925 1443 3989 eadem
1460 3943 1512 3988 su·

438 4037 588 4115 particio,
611 4054 695 4117 quae
717 4043 767 4101 est
788 4055 888 4118 super
904 4036 1030 4119 speculi
1048 4036 1258 4118 superficiem
1273 4036 1436 4100 adrectos
1452 4055 1511 4098 an·

439 4147 546 4238 gulos.
570 4149 651 4214 dum
673 4164 749 4234 ergo
768 4147 893 4230 anguli,
906 4147 964 4231 qui
978 4149 1063 4212 finnt
1077 4165 1116 4214 er
1129 4147 1393 4214 reverberatione
1410 4163 1512 4230 penes
