3550 5452
443 602 484 668 te

441 712 544 778 fuerit
569 709 675 776 lenita
701 717 734 776 et
762 708 924 792 exquisite
951 706 1124 790 aequatis,
1146 707 1185 772 flt
1204 709 1314 774 torma
1334 708 1407 785 rei,
1428 727 1513 791 quae

441 824 478 886 in
500 841 542 887 ea
560 822 699 896 videtur,
721 839 789 884 una
811 826 844 884 et
866 817 987 884 similis
1008 818 1091 900 ipeie
1111 819 1213 884 nehus
1234 818 1271 882 in
1293 819 1516 901 figura‚t1uo·

442 934 534 996 niam
555 930 763 1012 impossibile
785 937 835 994 eet
858 938 938 994 tuno
961 929 1263 994 reverberationem
1283 930 1375 1006 fleri,
1392 931 1516 994 nisiin

441 1047 508 1106 un'o
530 1041 605 1106 looo
628 1041 746 1122 planae
767 1039 966 1122 superficiei.
988 1039 1106 1120 Anquli
1129 1039 1221 1106 enim
1242 1039 1328 1104 flunt
1349 1040 1514 1120 aequales,

441 1153 573 1233 quando
595 1150 815 1216 reverberatio
837 1151 875 1214 fit
896 1149 937 1214 ab
960 1169 1027 1214 uno
1049 1149 1123 1214 looo
1146 1149 1314 1215 adolium
1335 1149 1460 1226 looum,
1482 1159 1515 1214 et

441 1279 519 1325 oum
530 1261 721 1342 euperttoiee
733 1261 834 1324 fuerit
846 1260 1032 1340 inaequalia
1043 1267 1077 1326 et
1087 1279 1156 1324 non
1166 1259 1280 1336 lenita,
1293 1258 1452 1340 possibile
1464 1265 1515 1324 est
1588 1281 1591 1286 ¹

441 1379 522 1436 tuno
542 1390 614 1436 rem
635 1371 814 1435 videndam
837 1387 996 1452 apparere
1019 1371 1057 1434 in
1080 1369 1233 1452 pluribus
1256 1369 1339 1434 looie
1361 1368 1514 1445 termini,

440 1482 496 1546 oui
521 1497 717 1546 eommunee
746 1488 826 1544 eunt
853 1480 1046 1560 superficies
1075 1497 1159 1560 quae
1180 1479 1334 1544 diximus.
1364 1478 1514 1560 nitergo

442 1592 557 1656 exinde
571 1590 742 1670 longitudo
755 1592 881 1654 formae
897 1591 946 1654 rei
961 1590 1135 1666 videndae,
1153 1589 1314 1670 quoniam
1328 1590 1437 1654 forma
1448 1589 1514 1654 erit

440 1702 477 1766 in
507 1699 591 1766 looie
619 1700 706 1776 illie,
734 1718 754 1764 a
783 1701 903 1782 quibus
932 1700 970 1764 fit
999 1701 1222 1786 reverberatio
1250 1699 1293 1764 ed
1321 1707 1428 1764 raetos
1456 1718 1515 1764 an-

440 1810 552 1893 gulos,
576 1812 636 1892 qui
661 1817 741 1875 eunt
765 1810 886 1875 diversi
912 1818 1045 1893 propter
1074 1827 1191 1876 numae
1216 1818 1249 1876 et
1272 1827 1433 1876 oonoavas
1458 1829 1515 1874 eu·

441 1921 592 2002 perficies
614 1921 799 1986 continuae.
822 1922 960 1986 Formae
982 1927 1096 1986 autem
1110 1919 1215 1998 looue,
1231 1938 1317 2002 quae
1331 1928 1465 2002 apparet
1478 1920 1513 1984 in

441 2031 674 2096 communibus
697 2030 800 2107 loris,
823 2031 884 2096 erit
904 2047 1005 2114 supra
1027 2030 1255 2112 superficiem,
1277 2047 1331 2096 ree
1352 2030 1446 2094 enim
1466 2031 1516 2095 vi·

441 2142 551 2206 denda
574 2142 637 2206 erit
659 2147 747 2206 extra
768 2147 937 2218 nentrum3
959 2159 1183 2223 unaquaeque
1198 2147 1309 2222 autem
1323 2140 1515 2216 formarum,

440 2269 526 2331 quae
551 2257 709 2333 apparent
733 2251 894 2315 derebus
917 2251 1132 2316 existentibus
1153 2251 1272 2316 subtus
1292 2251 1515 2332 superficiem,

440 2362 607 2426 videbitur
631 2379 751 2442 parum
775 2361 818 2424 ab
845 2379 885 2426 ea
912 2362 1072 2428 remotior
1097 2369 1230 2446 propter
1256 2360 1515 2426 declinationem

442 2471 583 2536 visibilia
613 2472 697 2536 radii
724 2472 767 2534 ad
791 2470 896 2551 iatue;
926 2477 959 2536 et
986 2487 1063 2536 oum
1091 2485 1180 2554 aqua
1205 2471 1392 2536 movebitur
1416 2471 1517 2536 vehe-

440 2589 590 2657 menter,
619 2583 657 2646 fit
684 2582 791 2646 torma
821 2581 928 2646 inrisa
957 2581 1143 2662 disgregata
1167 2587 1300 2664 propter
1329 2580 1515 2647 eminentes

440 2699 550 2773 partes
572 2709 688 2756 curvas
710 2699 743 2756 et
763 2709 934 2767 ennomus,
958 2709 1043 2773 quae
1065 2674 1204 2772 magnae
1224 2699 1314 2768 eunt,
1334 2698 1370 2756 ot
1389 2691 1454 2756 heo
1475 2691 1516 2756 de

440 2819 542 2866 oausa
561 2820 783 2884 unaquaeque
799 2819 915 2866 aarum
930 2802 1085 2866 semotim
1098 2808 1205 2884 potest
1212 2801 1319 2866 videri
1329 2801 1515 2878 manifeste,

441 2919 475 2976 et
495 2911 617 2976 alterae
631 2929 749 2976 earum
764 2911 1199 2995 apparebuntsunltmiorer
1212 2910 1517 2988 marterteram

439 3022 627 3099 interiorem
643 3023 702 3085 ead
717 3039 795 3086 oum
808 3001 1003 3104 superarier
1017 3021 1133 3086 leviter
1149 3023 1347 3098 movebitur,
1358 3021 1397 3084 tit
1407 3022 1517 3086 torma

441 3131 547 3212 magio
574 3131 738 3198 continue
765 3141 898 3215 propter
928 3134 1123 3223 parvitatem
1152 3131 1366 3215 speculorum
1395 3132 1437 3196 ari
1463 3131 1516 3196 in-

439 3242 546 3306 vioem
571 3245 816 3308 continuorum.
839 3245 962 3308 Verum
985 3261 1063 3308 nom
1084 3229 1160 3308 non¹
1177 3244 1390 3324 apparuerint
1412 3243 1516 3306 divar·

437 3352 551 3416 eitatee
577 3371 693 3416 aarum
716 3354 752 3416 in
777 3352 960 3435 protendo,
982 3354 1148 3418 videbitur
1176 3360 1283 3418 totum
1311 3353 1396 3418 titud
1420 3352 1517 3434 qnasi

441 3489 494 3538 ree
517 3489 585 3536 una
607 3470 721 3550 longa,
743 3476 777 3534 et
798 3477 957 3552 tanquam
976 3473 1008 3536 ei
1029 3473 1165 3538 haberet
1184 3489 1288 3536 unam
1304 3472 1514 3538 altitudinem

440 3582 476 3644 in
498 3597 611 3645 sensu.
634 3580 843 3645 Manifestum
865 3589 915 3646 aet
934 3600 1012 3665 ergo
1027 3601 1066 3648 ex
1079 3583 1132 3648 hie
1149 3601 1233 3666 quae
1251 3583 1406 3658 diximus,
1424 3583 1513 3664 quod

441 3691 471 3755 si
499 3691 535 3753 in
565 3697 643 3754 ortu
672 3689 724 3754 voi
756 3691 999 3768 nocumentis,
1030 3692 1179 3773 utiquam
1200 3693 1419 3774 quantitatem
1440 3692 1511 3757 aine

438 3817 531 3864 mare
553 3800 679 3874 texerit,
700 3799 922 3879 tranquillum
942 3803 1188 3882 quodammodo
1207 3806 1368 3880 wotene,
1388 3804 1515 3870 videbi·

440 3920 495 3976 tur
514 3927 615 3993 super
642 3925 764 3990 aquam
785 3927 842 3974 ree
860 3911 1022 3976 eontinua
1043 3931 1120 3977 oum
1144 3914 1215 3981 sole
1242 3913 1390 3995 aequalia
1408 3929 1516 3994 quan·

441 4021 542 4097 titati,
564 4037 649 4102 qnae
671 4022 713 4086 de
735 4039 775 4086 eo
799 4028 933 4102 apparet
955 4039 1056 4106 anper
1078 4041 1215 4107 aquam
1234 4033 1271 4090 et
1292 4027 1320 4090 ei
1339 4043 1428 4107 aqua
1445 4041 1515 4090 mo·

441 4133 513 4198 dieo
535 4141 700 4212 movetur,
720 4131 888 4200 videbitur
908 4133 1050 4221 longior.
