3550 5452
1205 563 1212 574 ·
1314 542 1354 606 63

279 658 429 717 centrum
451 653 495 714 slt
515 672 555 727 o,
585 651 693 732 sitque
723 669 840 726 aerea,
870 652 1057 716 moderatae
1081 653 1299 734 quantitatis,
1322 661 1355 718 et

277 763 345 826 sint
365 768 525 842 utraeque
548 761 742 842 superficies
765 761 838 824 eiua
860 770 1077 841 coaequatae,
1101 764 1354 842 quantomagis

278 871 453 952 diligenter
481 872 659 951 coaequari
688 877 848 951 possunt,
880 871 1014 952 sintque
1042 873 1264 938 extremitates
1290 873 1354 936 cir-
1396 901 1400 908 ·

278 981 512 1044 cumlerentiae
542 981 615 1044 eius
644 981 828 1056 rotundae,
857 980 1001 1058 lenitae,
1030 988 1063 1044 et
1085 973 1301 1063 protrahatur
1317 981 1352 1044 in

277 1090 381 1155 altera
397 1091 572 1171 superficie
591 1081 664 1153 eius
681 1107 802 1170 parvus
821 1088 965 1152 circulus
984 1107 1087 1188 super
1103 1098 1253 1156 centrum
1270 1111 1299 1166 o,
1320 1098 1356 1154 et

279 1201 323 1262 sit
344 1201 460 1280 tqde,
490 1208 523 1264 et
550 1199 786 1279 protrahantur
806 1199 842 1262 in
865 1217 905 1262 ea
927 1199 994 1262 duo
1019 1200 1173 1264 diametri
1202 1207 1354 1264 secantes

278 1327 315 1374 se
337 1309 478 1373 invicem
496 1309 538 1372 ad
553 1315 659 1372 rectos
674 1307 832 1389 angulos,
851 1315 883 1372 et
897 1309 964 1372 siut
985 1310 1045 1386 bd,
1066 1329 1124 1388 pa,
1141 1318 1174 1373 et
1189 1309 1355 1374 dividatur

161 1482 164 1486 .
206 1475 210 1482 .
280 1437 500 1500 unaquaeque
523 1425 642 1499 quarta
663 1436 739 1498 pars
762 1417 878 1482 circuli
900 1437 959 1500 per
979 1421 1161 1499 nonaginta
1178 1428 1305 1500 partes,
1322 1425 1356 1484 st

279 1537 456 1592 sumantur
471 1528 537 1608 duo
558 1529 673 1609 puncti
689 1530 917 1607 actamquae
934 1529 1054 1604 centri,
1070 1534 1105 1592 et
1115 1529 1355 1609 protrahantur

278 1657 338 1719 per
352 1638 526 1702 distantias
548 1640 605 1713 bo,
631 1640 677 1702 do
699 1639 783 1701 duae
800 1637 966 1700 sectiones
982 1638 1124 1702 duorum
1140 1637 1355 1712 circulorum,

279 1765 378 1828 super
399 1764 481 1828 quas
503 1748 570 1810 sint
591 1749 684 1821 zali,
708 1723 784 1822 tolo,
808 1755 840 1810 et
861 1747 1106 1812 constituantur
1128 1755 1193 1812 tres
1215 1748 1353 1828 regulae

276 1857 401 1921 terreae
418 1856 556 1920 subtiles
570 1875 689 1937 parvae
705 1857 882 1936 quadratae
898 1864 1022 1932 rectae,
1041 1875 1183 1937 quarum
1199 1877 1267 1924 una
1282 1875 1353 1922 ma-

278 1965 355 2030 n'eat
368 1973 474 2042 recta,
489 1973 522 2030 et
534 1965 681 2032 leniatur
696 1984 803 2030 unum
820 1984 858 2054 οι
873 1966 1031 2046 lateribus
1046 1968 1126 2043 suis,
1142 1969 1241 2031 itaut
1255 1986 1352 2049 appa·

279 2082 350 2140 reat
360 2083 530 2158 tamquam
541 2075 714 2158 speculum
724 2075 864 2152 clarum,
876 2083 908 2140 et
917 2083 1097 2150 curventur
1108 2070 1258 2157 reliquae
1269 2077 1354 2142 duae

267 2175 431 2266 regulae,
454 2188 501 2250 ita
516 2193 553 2248 ut
568 2203 666 2250 curva
680 2187 872 2268 superficies
889 2187 990 2250 unius
1009 2194 1041 2251 et
1058 2203 1199 2252 concava
1216 2187 1353 2268 superil-

233 2276 237 2286 ’
278 2296 345 2359 cies
367 2295 504 2360 alterius
522 2297 590 2358 siut
606 2315 707 2376 super
723 2296 907 2360 sectionem
929 2291 1044 2358 circuli
1060 2297 1210 2378 aequalia
1227 2296 1352 2360 circulo

279 2406 389 2484 lyd&
411 2412 443 2468 et
464 2405 636 2470 leniantur
657 2407 742 2470 duae
765 2404 959 2484 rouperilcie
980 2406 1120 2470 istarum
1141 2404 1353 2487 regularum,

280 2519 317 2575 ut
338 2514 420 2575 ilant
442 2495 611 2594 tamquam
636 2515 702 2578 duo
724 2513 871 2596 specula.
895 2513 1068 2594 Capiamus
1092 2521 1202 2578 autem
1220 2515 1260 2578 da
1275 2531 1355 2576 una·

278 2637 409 2704 quaque
421 2624 563 2687 duarum
574 2624 768 2705 regularum
780 2623 1042 2704 qualescumque
1054 2623 1353 2697 circumferentias,

277 2739 310 2794 et
330 2734 398 2796 sint
418 2736 503 2808 aaa,
525 2733 601 2809 tot,
626 2741 658 2797 et
676 2733 875 2815 copulentur
890 2735 933 2797 ba
948 2751 1025 2796 cum
1039 2733 1150 2798 colore
1166 2733 1352 2808 albestatt

278 2859 355 2904 cum
378 2841 489 2932 cqlore
513 2842 593 2919 alio,
617 2851 649 2906 et
671 2835 946 2924 erigatursuper'
963 2829 1002 2906 cl
1023 2843 1153 2924 dioptra
1178 2861 1292 2924 parva,
1322 2849 1355 2906 et

200 2945 203 2948 ’
277 2951 320 3013 sit
339 2953 507 3030 praedicta
527 2952 644 3033 planca
665 2954 713 3016 ita
734 2953 908 3033 disposita,
930 2959 967 3016 ut
980 2953 1052 3032 ipsa
1068 2953 1196 3031 dioptra
1209 2951 1351 3014 faciliter

276 3068 423 3124 transeat
443 3081 502 3142 per
522 3069 683 3142 punctum
699 3066 709 3126 l
725 3069 757 3126 et
771 3060 896 3124 lineam
911 3062 965 3136 al,
980 3067 1013 3123 et
1028 3051 1171 3140 ponatur
1186 3061 1353 3141 praedicta

277 3167 396 3248 planca
409 3188 510 3250 super
523 3168 626 3234 latera'
640 3169 905 3251 superficierum,
919 3168 954 3230 in
974 3169 1096 3250 quibus
1111 3176 1191 3231 sunt
1208 3168 1355 3250 specula,

278 3286 312 3342 et
333 3281 424 3359 quod
445 3298 484 3343 ex
505 3281 587 3362 ipsis
609 3280 753 3361 speculis
774 3287 825 3343 est
851 3279 1003 3360 planum,
1030 3279 1074 3342 sit
1101 3296 1200 3360 super
1219 3297 1299 3358 pec,
1322 3285 1355 3342 et

277 3388 369 3466 quod
389 3406 528 3451 curvum
551 3389 595 3452 sit
616 3407 716 3470 super
729 3391 817 3465 zet,
841 3397 873 3454 et
894 3389 984 3469 quod
999 3406 1181 3454 concavum
1197 3389 1240 3451 sit
1254 3405 1355 3468 super

238 3496 355 3579 stat,
378 3505 411 3562 et
433 3507 575 3580 ponatur
595 3503 632 3561 in
654 3500 766 3563 medio
783 3495 992 3590 ¹sublimioris
1007 3499 1122 3563 lateris
1139 3499 1351 3562 uniuscuius-

278 3625 342 3686 que
370 3609 580 3688 speculorum
603 3611 672 3674 axis
699 3611 850 3674 eminens
872 3611 913 3674 ad
936 3611 1192 3674 conservandam
1219 3608 1353 3690 positio·

277 3736 355 3780 nem
378 3719 451 3782 eius
473 3737 573 3800 super
594 3721 704 3802 ipsum
726 3727 887 3800 punctum
908 3741 937 3784 o.
972 3720 1007 3783 Si
1035 3739 1113 3800 ergo
1142 3720 1355 3800 posuerimus·

279 3827 421 3890 alterum
445 3827 619 3892 oculorum
648 3847 748 3911 super
776 3831 936 3912 dioptram
967 3830 1001 3892 in
1030 3837 1153 3911 puncto
1175 3832 1200 3903 t,
1230 3827 1289 3909 qui
1312 3827 1355 3890 sit

278 3942 446 4018 superat,
461 3946 492 4002 ct
504 3927 727 4021 aspexerimus
743 3941 784 4004 ad
796 3927 907 4004 locum
920 3938 988 4002 axis
1002 3927 1228 4021 speculorum,
1245 3943 1278 4002 et
1290 3936 1356 4001 vol·

275 4047 421 4114 verimus
433 4067 532 4131 super
544 4051 680 4132 plancae
697 4050 906 4134 superficiem
922 4065 993 4114 rem
1010 4067 1142 4132 parvam
1158 4047 1354 4123 coloratam,
