3550 5452
445 578 506 646 tot

438 693 499 767 ab·
521 687 659 771 anturloe
680 707 769 764 vero.
791 689 851 772 qut
872 695 950 758 tunt
970 706 1073 772 penes
1093 709 1117 756 c
1137 696 1171 756 et
1191 710 1214 768 r,
1236 689 1389 760 dividunt
1408 691 1517 762 tuere

440 801 523 876 ovd,
544 801 611 880 soti
638 801 674 864 in
705 800 787 866 durs
820 800 1036 880 medietatem
1063 799 1154 868 linea
1181 818 1257 882 ergo
1282 819 1323 867 zo
1356 809 1407 868 εει
1431 802 1519 868 siout
1546 859 1550 866 .

442 911 533 980 linea
553 913 610 988 oft,
633 917 666 980 ει
690 911 780 981 linet
798 931 840 992 τᾳ
861 911 948 978 eicut
974 909 1135 991 linearia·
1161 912 1426 1000 unumquodque
1440 931 1518 980 vero

441 1020 583 1090 ictorum
598 1028 648 1086 εει
662 1020 885 1102 impossibilc;
906 1020 997 1086 linea
1011 1019 1103 1085 enim
1122 1036 1158 1083 rc
1178 1020 1241 1090 fuit
1258 1021 1344 1090 sicut
1359 1020 1451 1092 ,linea
1466 1023 1516 1089 eft

441 1129 600 1196 Similiter
622 1131 723 1197 etiam
743 1130 1025 1199 demonstrabitur
1039 1147 1108 1194 non
1126 1149 1223 1212 poete
1240 1130 1519 1199 bertramnum

441 1241 570 1306 tionem
590 1241 678 1308 inter
700 1243 717 1309 ι
740 1249 773 1306 ει
792 1239 813 1304 t
833 1259 943 1324 neque
965 1241 1052 1306 inter
1073 1251 1085 1304 t
1106 1248 1141 1309 ει
1161 1243 1181 1308 l

484 1351 533 1417 Fit
555 1351 655 1418 etiam
676 1351 898 1420 reverberatio
921 1367 960 1416 ex
982 1351 1086 1417 tribus
1104 1349 1518 1434 torneamentum

440 1462 484 1526 eit
496 1463 603 1532 maior
617 1480 718 1544 quom
732 1463 823 1530 linea
833 1465 882 1526 clv.
894 1463 988 1526 Secet
1001 1462 1114 1544 itaque
1129 1461 1273 1528 circulus
1284 1464 1448 1530 trmrierr
1457 1481 1518 1546 per

440 1575 664 1654 putruerat
679 1573 744 1656 (fio.
759 1572 811 1651 ιιι
829 1591 1099 1656 unamquamque
1113 1574 1456 1640 circumferentiarum
1469 1575 1517 1654 ιι,

441 1688 505 1752 tm
517 1687 590 1754 Non
606 1706 684 1768 ergo
697 1688 898 1769 refringatur
911 1705 931 1750 a
945 1688 1077 1768 cuncus
1091 1688 1148 1762 tlt
1161 1687 1282 1764 radius,
1292 1687 1379 1752 sicut
1389 1687 1457 1752 iam
1468 1703 1518 1752 cn

437 1799 627 1880 potuimus,
642 1798 801 1880 quoniam
819 1798 1085 1864 circumferentia
1099 1801 1142 1864 ἀι
1158 1800 1266 1864 maior
1281 1806 1333 1864 est
1344 1815 1446 1880 quam
1459 1799 1518 1862 cir·

424 1909 657 1974 .cumferentia
670 1911 736 1985 dt,
755 1927 817 1974 nec
839 1910 1037 1990 refringatur
1059 1929 1079 1974 c
1099 1915 1223 1990 puncto
1245 1911 1277 1985 ι,
1299 1910 1461 1990 quoniam
1479 1927 1518 1974 ιε

440 2021 548 2084 maior
562 2026 612 2084 ειι
625 2021 679 2095 rb,
694 2026 727 2084 ει
742 2021 808 2085 duo
825 2020 938 2100 anguli
948 2037 1052 2102 penca
1063 2038 1079 2083 e
1089 2026 1169 2082 cunt
1179 2020 1269 2084 recti
1281 2020 1345 2084 Setl
1356 2021 1427 2084 vice
1436 2020 1518 2084 due·

437 2149 514 2206 rum
534 2131 854 2206 reverberaticnum,
877 2148 963 2213 quae
985 2129 1110 2194 fiebant
1124 2131 1288 2212 apuncttv
1304 2131 1337 2206 b,
1351 2129 1386 2207 t,
1398 2131 1517 2196 refrin-
1547 2193 1549 2198 .

440 2248 558 2320 geretur
579 2241 646 2306 duo
667 2241 752 2306 redii
773 2259 793 2306 a
814 2241 1091 2317 circumferentia,
1107 2249 1258 2322 quaeest
1275 2241 1361 2307 inter
1375 2249 1516 2322 punctos

436 2350 472 2425 b,
482 2351 574 2427 .lv,'.et
587 2352 657 2414 vice
672 2351 945 2416 reverberationis
962 2352 1129 2416 existentis
1145 2357 1301 2434 apunctc
1316 2361 1342 2428 t,
1357 2352 1517 2432 refringe·

438 2467 496 2526 tur
507 2461 622 2529 radius
636 2461 725 2526 inter
738 2468 879 2544 punctos
890 2465 932 2537 tt,
941 2463 1110 2544 ,quoniam
1122 2480 1192 2528 ucu
1202 2461 1516 2544 refringiturrctliua

438 2589 460 2636 a
480 2572 748 2638 circumferentia
769 2590 855 2654 quae
877 2578 928 2636 εει
948 2573 1035 2636 inter
1052 2580 1111 2636 tet
1125 2575 1157 2649 ι,
1175 2591 1284 2670 neque
1298 2574 1342 2636 ab
1354 2571 1416 2638 illc
1430 2591 1516 2654 quac

433 2688 495 2749 est
515 2682 602 2748 inter
628 2682 647 2744 t
673 2689 706 2746 et
732 2702 774 2746 m.
802 2683 836 2746 Si
864 2683 956 2748 enim
983 2689 1163 2764 poneretur
1188 2683 1406 2748 reverberatio
1431 2683 1517 2748 inter

436 2791 591 2874 aliquam
608 2792 751 2858 istarum
772 2794 1132 2870 circumferentiarum,
1155 2795 1275 2858 accidit
1295 2795 1375 2860 inde
1393 2795 1516 2876 impos·

439 2903 559 2978 sibile,
587 2904 750 2984 quoniam
775 2921 854 2968 cum
876 2903 989 2986 anguli
1010 2909 1092 2979 aad,
1114 2906 1182 2970 dab
1201 2904 1269 2968 rint
1290 2903 1463 2986 aequales,
1483 2912 1517 2968 et

438 3013 551 3094 auguli
574 3018 667 3090 zell,
689 3017 780 3092 dole,
809 3023 844 3080 et
873 3021 1007 3098 propter
1031 3014 1096 3094 boc
1119 3014 1232 3095 anguli
1253 3020 1330 3096 rof,
1351 3016 1423 3094 [ab
1449 3015 1517 3078 sint

436 3125 610 3206 aequales,
640 3133 672 3190 et
698 3145 814 3192 rursus
841 3126 981 3207 angulus
1001 3129 1069 3205 esc
1090 3127 1139 3190 sit¹
1154 3125 1261 3190 maior
1283 3125 1515 3207 tegulensi,

437 3245 470 3300 ει
500 3237 647 3318 angulus
669 3241 735 3302 zcd
761 3240 869 3304 maior
901 3238 1022 3320 angebo
1049 3241 1138 3314 lead,
1165 3257 1205 3302 eo
1228 3240 1318 3319 quod
1340 3238 1515 3302 circumfe-

438 3348 545 3412 rectia
565 3352 610 3412 zrt
630 3351 738 3422 maior
755 3356 805 3413 est
820 3368 922 3431 quam
943 3349 1292 3424 circumferentiam,
1313 3349 1421 3430 sitque
1443 3366 1516 3430 pro·

436 3464 509 3538 pter
533 3458 769 3539 bocaugulus
796 3461 863 3524 reb
892 3459 1002 3523 maior
1033 3475 1134 3540 quam
1167 3458 1311 3540 angulus
1338 3477 1421 3534 ccv,
1453 3459 1516 3522 crit

435 3568 515 3634 iuria
532 3588 577 3634 tu
590 3570 815 3651 maiorquam
836 3572 900 3645 oli,
922 3570 1035 3634 eterit
1053 3572 1095 3635 st
1115 3570 1224 3634 maior
1238 3587 1340 3651 qnam
1353 3588 1392 3634 rt
1405 3569 1517 3635 eterit

436 3679 516 3744 intie
538 3676 685 3760 angulus.
697 3681 770 3745 efen
791 3681 900 3746 maior
920 3698 1022 3762 quam
1048 3679 1194 3762 angulm
1213 3681 1307 3759 cales
1322 3686 1355 3746 et
1373 3679 1516 3760 augulm

435 3790 507 3856 uit
527 3791 636 3855 maior
655 3809 759 3872 quam
785 3789 926 3872 angulus
947 3792 1028 3868 cler,
1050 3797 1256 3856 etramuuet
1282 3789 1426 3872 angulum
1445 3789 1516 3854 εει

435 3900 550 3965 minor
569 3900 691 3982 angulo
713 3919 794 3979 oct,
817 3911 851 3966 ct
873 3901 1015 3984 angulus
1035 3919 1097 3984 rqs
1116 3903 1228 3969 minor
1247 3919 1350 3984 quam
1370 3900 1515 3984 anguiva

435 4012 515 4091 mle,
535 4012 644 4076 obtusi
661 4013 806 4078 minores
828 4031 931 4094 quam
947 4015 1052 4088 acuti,
1074 4013 1165 4098 quod
1179 4020 1231 4078 εει
1241 4011 1459 4095 impoecibilc.
1478 4011 1516 4078 Si

433 4128 551 4188 cutem
570 4123 782 4206 potuerimus
799 4123 1098 4189 reverberationem
1114 4122 1418 4200 aoircumfereutia
1428 4129 1515 4206 quae
