3512 5456
490 627 551 693 tle

471 728 600 807 'radius
629 741 825 824 processerit
855 742 894 804 ab
924 759 999 806 aere
1026 743 1066 805 ad
1087 744 1206 806 vitrum
1229 745 1312 806 sicut
1331 763 1384 818 ze.
1408 751 1441 807 et
1463 745 1559 809 merit

489 854 610 915 fractus
632 871 732 931 supra
754 854 817 924 et,
841 859 896 913 aut
911 853 1105 931 processerit
1121 873 1140 914 a
1157 855 1239 916 vitro
1262 857 1433 942 adaerem
1455 862 1492 918 ut
1506 855 1557 926 lte,

491 973 523 1026 et
547 963 644 1026 luerit
666 965 786 1024 fractus
810 983 907 1044 super
929 983 981 1034 ez,
998 965 1090 1025 cadat
1105 966 1219 1027 fractio
1235 966 1268 1025 in
1285 967 1367 1028 latus
1384 977 1411 1034 t:
1436 974 1466 1028 et
1484 984 1557 1028 curn

492 1073 777 1156 perpendiculares
800 1094 883 1152 quae
907 1074 1140 1152 protrahuntur
1163 1076 1289 1136 abead
1309 1077 1360 1136 tltl
1383 1078 1504 1139 fuerint
1518 1079 1558 1136 si-

491 1185 598 1259 miles,
619 1204 682 1244 non
703 1184 887 1258 flectuntur,
903 1186 971 1248 sive
990 1187 1055 1246 sint
1072 1186 1262 1248 accedentes
1278 1189 1344 1248 sive
1361 1189 1558 1250 recedentes.

533 1297 568 1356 Et
596 1297 623 1356 si
653 1295 773 1356 iterum
803 1296 857 1356 hie
879 1297 1074 1375 perscmtati
1095 1297 1255 1358 merlinus
1279 1299 1474 1376 quantitates
1496 1299 1558 1358 lra-

490 1407 639 1469 cticnum
660 1406 695 1468 in
716 1422 917 1485 unaquaque
938 1407 1121 1485 specierum
1135 1407 1227 1481 situs,
1242 1407 1456 1483 inveniemus,
1473 1411 1561 1486 quod

490 1513 566 1581 cum
583 1495 675 1579 'visus
698 1515 853 1579 fueritin
876 1515 1040 1578 distantiis
1062 1515 1255 1597 aequalibus
1278 1517 1441 1580 distantiis
1467 1535 1558 1598 pree·

490 1626 595 1700 dictis,
617 1626 782 1708 quantitas
804 1626 918 1706 utique
941 1624 1064 1704 anguli,
1086 1627 1143 1707 qui
1158 1633 1207 1690 est
1219 1627 1255 1688 in
1271 1643 1346 1690 aere
1361 1644 1463 1708 penes
1478 1645 1559 1708 pun-

491 1744 579 1802 ctum
595 1756 618 1812 e,
637 1753 801 1817 quemque
820 1736 966 1799 continet
983 1737 1262 1816 perpendicularis
1280 1756 1321 1801 aa
1337 1747 1370 1800 et
1386 1738 1495 1800 radius
1510 1755 1558 1811 ez,

441 1884 444 1892 ,
491 1865 567 1911 cum
589 1847 686 1910 luerit
704 1847 818 1910 decem
833 1846 976 1928 partium
993 1847 1037 1927 de¹
1048 1848 1228 1927 nonaginta
1246 1847 1408 1911 attributis
1425 1854 1559 1928 quartae

490 1957 575 2040 parti
597 1955 721 2031 circuli,
744 1957 807 2020 erit
829 1955 968 2036 angulus
990 1959 1056 2036 μὴ
1078 1965 1203 2037 septem
1224 1959 1368 2037 partium
1386 1960 1426 2020 ad
1447 1975 1560 2039 prope,

491 2077 524 2132 et
546 2085 621 2131 cum
645 2067 742 2132 luerit
763 2065 889 2148 primus
912 2065 1051 2148 angulus
1072 2067 1189 2147 viginti
1210 2069 1374 2149 partium,
1397 2068 1457 2132 erit
1479 2069 1561 2132 alter

443 2195 449 2206 ·
490 2178 649 2244 tredecim
672 2184 704 2241 et
721 2168 895 2256 'dimidiae3
919 2185 950 2240 et
971 2195 1046 2241 cum
1065 2176 1122 2240 ille
1144 2178 1243 2242 luerit
1265 2179 1407 2260 triginta,
1422 2179 1484 2242 iste
1500 2177 1561 2242 erit

490 2289 706 2352 novendecim
729 2294 760 2350 et
782 2287 954 2364 dimidiam
978 2295 1010 2352 et
1032 2305 1108 2351 eum
1130 2287 1187 2351 ille
1212 2287 1310 2351 luerit
1333 2288 1557 2369 quadraginta,

410 2377 413 2384 ¹
491 2399 552 2462 iste
576 2397 638 2461 erit
659 2397 772 2476 viginti
794 2395 953 2478 quinque;
976 2403 1007 2460 et
1023 2414 1097 2459 cum
1116 2396 1173 2460 ille
1188 2397 1287 2461 fuerit
1308 2397 1558 2480 quinquaginta,

489 2508 552 2573 iste
579 2507 642 2572 erit
668 2507 816 2588 triginta;
844 2513 877 2570 et
908 2525 984 2570 curn
1007 2506 1064 2571 ille
1085 2509 1185 2571 fuerit
1206 2508 1392 2589 sexaginta,
1414 2510 1477 2572 iste
1499 2510 1560 2573 erit

489 2620 620 2701 triginta
634 2624 775 2698 quatuor
790 2623 821 2682 et
836 2617 1001 2693 dimidiae,
1021 2624 1052 2684 et
1070 2636 1146 2682 cum
1160 2618 1217 2682 ille
1232 2619 1331 2684 fuerit
1345 2619 1559 2702 septuaginta,

491 2730 552 2794 iste
576 2730 637 2794 erit
662 2729 793 2810 triginta
815 2736 888 2792 octo
912 2734 944 2792 et
966 2729 1137 2804 dimidiae,
1154 2738 1185 2794 et
1200 2748 1276 2793 cum
1291 2729 1346 2795 ille
1361 2731 1461 2796 inerit
1476 2737 1559 2795 octn-

490 2841 594 2922 ginta,
616 2839 679 2904 iste
701 2839 764 2904 erit
785 2857 858 2903 xnn.

1312 3121 1373 3180 llIll
1406 3187 1411 3195 Ι

1270 3211 1295 3257 et
1308 3209 1419 3278 dimldluq

672 4027 749 4084 m
853 3989 983 4050 xxxun
1017 3965 1020 3969 ’
1078 4031 1181 4088 ,m

846 4082 869 4128 et
882 4081 994 4129 dtmtdlm
