3550 5452
1305 608 1343 668 73

269 715 359 796 quod
379 713 533 795 proprius
567 715 634 776 axis
665 713 850 788 radiorum,
886 715 1007 794 quihus
1031 714 1147 794 aspicit
1169 713 1287 778 oculus
1309 735 1342 790 a,

268 831 318 888 εει
339 824 404 899 ab,
427 831 459 886 et
479 823 637 886 distantia
658 824 730 887 eius
753 842 830 888 cum
853 824 997 886 sumitur
1014 841 1115 905 super
1131 824 1346 904 perpendicu-

267 933 383 1010 larem,
399 951 484 1014 quae
500 933 587 998 cedit
600 951 703 1013 super
716 951 809 996 axem
823 935 871 1012 qd
886 949 1109 1009 communem,
1125 941 1175 996 est
1191 935 1244 1006 tr,
1259 949 1344 1013 quae

269 1050 320 1107 est
339 1047 377 1106 ut
396 1043 488 1106 linea
511 1043 564 1118 tlc,·
585 1041 679 1106 locus
701 1061 778 1123 crgo
800 1061 866 1123 quo
888 1047 1031 1123 punctus
1055 1053 1065 1105 t
1086 1042 1261 1118 videbitur,
1283 1043 1345 1106 erit

267 1151 618 1236 punctuslasimilitsr
629 1152 728 1216 etiam
740 1153 1020 1218 demonstrabitur
1032 1153 1123 1232 quod
1133 1152 1215 1216 baec
1227 1153 1343 1216 eadem

269 1262 482 1342 contingunt,
505 1262 535 1324 si
559 1262 783 1342 aspexerimus
805 1279 882 1324 cum
905 1261 1001 1326 oculo
1018 1262 1043 1323 b.
1066 1261 1149 1326 Item
1172 1261 1202 1323 si
1219 1261 1345 1324 fuerint

267 1371 355 1436 duae
376 1389 430 1434 res
452 1370 579 1452 positae
596 1371 734 1452 superb
749 1371 824 1447 atla,
839 1378 871 1435 et
886 1372 987 1436 luerit
1003 1385 1225 1452 unaquaeque
1241 1389 1281 1433 ex
1295 1372 1344 1444 tta,

268 1481 328 1542 tm
345 1481 431 1544 sicut
445 1497 666 1560 unaquaeque
682 1499 720 1544 ex
736 1482 791 1555 ιιι,
807 1481 857 1555 ιι,
872 1499 925 1543 res
941 1481 1075 1560 quidem
1089 1482 1196 1560 posita
1210 1481 1346 1559 superb

269 1590 438 1670 apparebit
459 1607 560 1670 super
575 1590 661 1652 duos
676 1595 815 1670 punctos
831 1599 858 1666 t,
874 1593 899 1664 t,
918 1599 951 1653 et
966 1590 1136 1670 apparebit
1151 1590 1237 1652 visui
1253 1610 1272 1652 u
1287 1605 1346 1670 per

269 1699 400 1763 radium
419 1701 466 1763 ab
483 1716 584 1780 super
599 1705 760 1779 punctum
771 1708 797 1774 t,
808 1699 969 1780 quoniam
984 1699 1137 1764 distantia
1150 1697 1220 1762 eius
1240 1704 1290 1763 est
1302 1699 1344 1762 tlt

267 1807 563 1889 perpendicularis3
585 1806 671 1871 visui
686 1815 797 1872 autem
812 1809 829 1870 b
845 1807 1013 1889 apparebit
1025 1826 1126 1889 super
1140 1815 1301 1889 punctum
1316 1811 1343 1882 t,

268 1918 428 1998 quoniam
451 1917 609 1980 distantia
632 1918 706 1982 eius
735 1925 784 1982 eat
806 1917 843 1980 tt
865 1917 1161 1998 perpendicularis,
1185 1936 1270 1999 quae
1294 1923 1345 1982 est

269 2027 357 2090 inter
377 2044 558 2092 comunem
578 2045 672 2090 axam
687 2035 720 2092 et
733 2045 826 2090 axem
848 2027 906 2102 lat,
929 2026 987 2106 qui
1003 2033 1052 2090 est
1066 2027 1231 2107 proprius,
1246 2033 1280 2090 et
1296 2035 1344 2090 est

268 2133 417 2218 aequalia
439 2138 476 2198 tt
499 2143 531 2200 et
552 2136 594 2199 ad
615 2142 740 2217 partem
761 2154 872 2211 suem,
888 2143 921 2198 et
935 2135 1017 2200 haec
1031 2142 1081 2200 eet
1096 2131 1252 2200 distantia
1265 2135 1344 2211 loci,

268 2247 303 2310 in
327 2265 393 2326 quo
415 2252 551 2326 apparet
575 2254 718 2325 punctus
741 2247 762 2307 t
793 2246 880 2308 visui
903 2247 919 2308 b
953 2251 1084 2310 acerto
1106 2243 1180 2309 loco
1203 2263 1285 2322 suo;
1310 2253 1345 2308 et

269 2361 401 2436 propter
415 2355 477 2416 hoc
491 2353 591 2418 etiam
607 2353 669 2418 erit
679 2353 773 2418 locus
786 2354 1001 2436 apparitionis
1013 2353 1062 2416 rei
1073 2354 1199 2435 positae
1213 2353 1343 2436 superb

268 2481 371 2545 penes
387 2470 549 2544 punctum
564 2473 574 2525 t
596 2471 629 2528 et
643 2481 744 2544 penes
760 2472 920 2544 punctum
934 2483 977 2526 m.
1001 2464 1070 2528 Hoc
1084 2472 1196 2528 antem
1212 2479 1345 2528 concor-

270 2574 326 2638 dat
347 2572 600 2649 universalitati,
623 2591 724 2653 quam
747 2574 1051 2638 determinavimus.
1072 2573 1280 2636 Manifestum
1295 2580 1345 2637 est

269 2700 360 2762 ergo,
383 2683 473 2763 quod
494 2681 580 2746 illud
602 2683 691 2763 quod
712 2689 846 2764 apparet
861 2682 895 2746 in
911 2682 1043 2764 proprio
1062 2683 1135 2747 loco
1154 2665 1228 2758 suo,
1244 2689 1293 2746 est
1310 2683 1346 2746 id

267 2793 360 2874 quod
383 2792 531 2875 positum
552 2800 603 2858 est
624 2809 726 2874 super
745 2791 858 2857 locum
880 2793 1125 2858 coniunctionis
1156 2793 1345 2858 communis
1431 2846 1432 2852 ,

270 2903 348 2977 axis,
359 2910 394 2967 et
404 2903 472 2966 ania
487 2903 613 2983 proprii
627 2903 727 2966 radiis
742 2904 937 2966 cadentibus
953 2922 1053 2985 super
1067 2923 1139 2968 rem
1154 2905 1342 2978 videndam,

270 3019 327 3075 aut
347 3011 437 3092 quod
458 3018 508 3076 eat
528 3012 675 3094 positum
696 3029 797 3093 super
818 3012 1138 3092 perpendicularem,
1152 3029 1238 3092 quae
1255 3012 1343 3076 cadit

223 3205 225 3210 ,
268 3136 370 3202 super
398 3133 612 3186 communem
640 3139 753 3195 axem,
782 3122 818 3185 in
840 3121 913 3186 looo
935 3122 970 3185 in
994 3138 1060 3202 quo
1083 3122 1193 3184 obviat
1213 3121 1345 3202 proprio

270 3231 322 3294 axi
343 3231 519 3312 praedicto.

309 3339 400 3414 Quae
428 3340 526 3404 aliter
553 3346 666 3434 autem
692 3348 772 3402 sunt
799 3357 901 3421 quam
929 3340 1184 3421 explicavimus,
1206 3357 1274 3404 non
1297 3340 1343 3404 vi·

270 3451 390 3514 dentur
411 3451 611 3532 inpropriis
633 3451 716 3515 locis
739 3451 832 3527 suis,
861 3469 898 3515 ac
920 3451 950 3514 si
972 3459 1085 3516 essent
1104 3452 1286 3516 concordes
1308 3452 1344 3514 in

271 3560 396 3641 specie3
412 3567 540 3642 oportet
555 3561 645 3626 enim
657 3561 723 3625 hcc
734 3561 1002 3625 flerisecundum
1015 3561 1249 3635 diversitatem,
1260 3577 1345 3641 qnae

268 3676 321 3733 est
340 3670 430 3734 inter
453 3687 531 3734 axes
556 3670 593 3733 in
620 3671 793 3746 dmtantia,
818 3672 890 3734 sive
912 3688 989 3734 cum
1010 3673 1142 3735 duobus
1165 3670 1270 3734 oculis
1293 3671 1343 3734 in·

269 3777 371 3842 dmul
385 3781 620 3860 ,aspexerimus
649 3799 701 3844 rea
726 3781 900 3856 videndae,
929 3781 996 3844 sive
1025 3799 1103 3843 cum
1125 3780 1239 3846 altaro.
1262 3779 1345 3853 Quo·

269 3888 362 3952 niam
376 3889 416 3952 ds
430 3890 530 3952 rebus
545 3907 630 3970 quae
649 3896 809 3971 apparent
827 3889 952 3964 sensui,
967 3907 1044 3958 cum
1061 3908 1130 3952 una
1148 3907 1200 3952 rea
1217 3889 1346 3953 videtur

222 4017 226 4030 ·
269 3995 306 4058 in
317 3995 446 4062 duobus
456 3996 548 4075 locis,
557 3999 586 4061 si
598 3999 734 4080 quidem
743 3999 922 4062 texerimus
933 3998 1074 4064 alterum
1084 3975 1345 4073 oculorumlor-

249 4085 326 4170 ’ma
341 4123 428 4186 quae
447 4113 597 4172 remanet
611 4114 687 4189 post
703 4106 839 4172 alteram
856 4127 940 4190 quae
957 4108 1184 4189 absconditur,
1195 4114 1345 4174 remanet
