3550 5452
439 611 477 674 tt

438 725 473 784 in
490 721 562 784 loco
579 740 652 796 suo,
664 721 722 782 ubi
735 720 911 800 apparebat
926 719 1117 792 immobilia,
1130 726 1163 782 et
1175 727 1222 782 est
1233 719 1292 782 illa
1304 727 1391 799 quae
1403 723 1510 800 primo
1562 779 1566 787 .

438 833 623 912 apparebat.
648 833 738 894 Unde
761 831 976 894 manifestum
1000 835 1063 902 est,
1090 831 1179 910 quod
1201 848 1269 903 res,
1290 831 1326 891 in
1350 848 1417 910 qua
1438 849 1513 894 con·

437 941 575 1004 veniunt
595 941 669 1003 loca
689 941 831 1014 diversa,
854 958 919 1002 oon
945 947 994 1004 est
1016 939 1204 1002 communis
1226 940 1377 1019 utrisque
1401 940 1508 1003 oculis

439 1056 581 1124 tantum,
602 1068 717 1112 verum
740 1051 840 1112 etiam
863 1057 897 1112 et
917 1049 1050 1130 propria
1072 1055 1121 1111 est
1142 1049 1327 1128 unicuique
1350 1067 1479 1112 eorum.

480 1159 572 1233 Quod
587 1159 665 1221 licet
679 1159 776 1221 nobis
790 1159 901 1220 videre
918 1159 1050 1220 certiori
1066 1166 1210 1239 aspectu,
1225 1159 1254 1220 si
1270 1159 1512 1238 sumpserimus

438 1267 587 1330 tabulam
608 1269 795 1331 moderatae
814 1268 1019 1347 quantitatis,
1034 1273 1067 1330 et
1081 1267 1352 1330 constituerimus
1368 1265 1513 1330 colorem

438 1379 511 1440 eius
534 1377 681 1456 nigrum,
715 1384 748 1439 et
774 1379 985 1456 posuerimus
1007 1376 1043 1437 in
1066 1377 1189 1438 minori
1211 1375 1352 1438 laterum
1375 1392 1514 1438 suorum

438 1485 629 1552 distantiam
645 1484 818 1564 aequalem
830 1485 1016 1557 distantiae,
1029 1502 1114 1565 quae
1126 1491 1175 1546 est
1185 1485 1273 1547 inter
1284 1482 1410 1558 oculos,
1421 1491 1460 1545 ut
1470 1485 1512 1545 ab

439 1595 504 1674 tfip.
520 1595 592 1670 20),
608 1600 640 1655 et
653 1593 855 1655 erexerimus
871 1595 906 1654 in
921 1600 1044 1672 puncto
1059 1592 1247 1656 medietatis
1260 1593 1343 1666 eius,
1356 1593 1414 1672 qui
1425 1598 1474 1655 est
1485 1611 1514 1669 p,

439 1703 746 1784 perpendicularem
757 1706 818 1780 pst,
832 1710 864 1765 et
876 1704 1132 1782 protraxerimus
1147 1701 1254 1765 lineas
1266 1721 1341 1775 aaz,
1355 1703 1432 1776 bela,
1445 1701 1513 1774 tels,

440 1821 472 1876 et
491 1813 593 1876 fuerit
615 1813 673 1875 tet
695 1811 921 1892 aequidistans
944 1810 1033 1874 linea
1054 1814 1110 1886 od,
1135 1819 1167 1874 et
1189 1811 1377 1875 linierimus
1392 1814 1438 1890 qd
1460 1828 1514 1872 co-

439 1920 511 1984 lore
534 1922 608 1984 albo
632 1928 665 1984 et
691 1922 749 1983 talc
772 1920 885 2014 colore
911 1921 1027 1995 viridi,
1057 1930 1090 1984 et
1110 1940 1177 1985 aea
1199 1921 1310 1984 colore
1332 1922 1459 1997 rubeo,
1482 1928 1515 1982 et

441 2031 507 2096 bel»
527 2031 635 2094 colore
658 2047 786 2105 crocea,
810 2038 842 2094 et
864 2031 1062 2094 erexerimus
1078 2049 1207 2111 supere
1227 2030 1362 2111 aliquod
1378 2037 1514 2110 parvum

439 2140 570 2204 subtile.
599 2140 811 2204 Posuerimus
834 2146 947 2204 autem
969 2159 1071 2222 super
1092 2149 1231 2222 punctos
1252 2161 1291 2214 a,
1314 2143 1329 2200 b
1353 2144 1513 2218 utrosque

440 2251 568 2325 oculos,
591 2259 623 2313 et
643 2250 849 2312 tenderimus
872 2267 948 2312 cum
970 2259 1105 2330 aspectu
1119 2258 1233 2313 nostro
1249 2251 1292 2312 ad
1305 2250 1416 2312 locum
1431 2269 1446 2311 e
1461 2269 1513 2312 ex-

442 2362 574 2442 quisite,
589 2367 687 2423 erunt
704 2355 813 2424 lineae
828 2379 880 2435 or,
900 2361 945 2421 bit
963 2379 1063 2442 super
1081 2377 1168 2436 axes,
1187 2367 1220 2424 et
1234 2361 1403 2441 apparebit
1418 2361 1514 2424 nobis

440 2471 530 2533 linea
544 2471 610 2546 rea,
624 2487 708 2549 quae
725 2477 774 2534 est
785 2469 898 2532 viridis
912 2469 1044 2545 eoloris,
1056 2489 1123 2532 una
1135 2470 1234 2545 linea,
1247 2469 1406 2548 quoniam
1417 2477 1467 2533 est
1477 2471 1513 2533 in

441 2578 515 2642 loco
531 2579 778 2674 coniunctionis
796 2579 919 2654 axium,
933 2586 966 2641 et
980 2581 1184 2660 apparebunt
1201 2555 1299 2641 nobis
1316 2578 1424 2642 lineae
1438 2597 1515 2654 aaz,

440 2705 528 2767 quae
548 2697 598 2752 est
614 2689 728 2763 rubea,
747 2695 778 2751 et
794 2690 880 2765 beli,
897 2706 982 2768 quae
997 2696 1046 2752 est
1059 2707 1186 2763 crocea,
1201 2697 1363 2768 utraeque
1379 2689 1516 2767 quidem

440 2797 635 2860 coniunctae
657 2797 693 2859 in
714 2815 782 2859 uno
804 2797 889 2872 loco,
910 2798 1064 2861 videlicet
1085 2815 1185 2878 super
1204 2801 1270 2876 qd;
1293 2815 1515 2879 unaquaeque

443 2923 522 2968 vero
544 2923 659 2968 earum
682 2906 837 2968 semotim
852 2907 887 2968 in
904 2906 968 2969 alio
983 2905 1068 2980 loco,
1090 2925 1154 2968 aea
1170 2907 1303 2986 quidem
1316 2923 1416 2985 super
1431 2910 1516 2980 lem,

440 3015 511 3078 beli
525 3033 601 3077 vero
616 3031 717 3094 super
730 3033 811 3090 cem
825 3015 898 3096 ipsa
912 3033 990 3078 vero
1005 3015 1074 3093 ped
1088 3032 1173 3095 quae
1185 3021 1235 3078 est
1247 3015 1332 3087 alba,
1345 3015 1516 3095 apparebit

444 3141 544 3204 super
565 3143 608 3188 oz
631 3131 663 3187 et
684 3142 786 3204 super
808 3127 864 3186 tlt.
879 3127 1006 3189 Etcum
1023 3125 1199 3186 texerimus
1214 3125 1324 3186 visum
1340 3128 1356 3188 b
1371 3125 1411 3188 de
1425 3124 1516 3188 lines

442 3234 576 3312 quidem
594 3235 667 3308 talc,
684 3252 768 3314 quae
786 3243 836 3296 est
850 3235 977 3309 viridis,
991 3233 1077 3296 nihil
1093 3235 1322 3308 abscondetur,
1334 3235 1375 3298 de
1388 3235 1517 3306 duabus

441 3360 517 3406 vero
539 3343 638 3406 lineis
662 3343 746 3406 albis
768 3343 990 3405 abscondetur
1009 3349 1115 3406 toturn
1127 3343 1161 3406 id
1176 3345 1265 3422 quod
1281 3350 1330 3406 est
1342 3361 1445 3423 super
1457 3362 1516 3418 aa,

442 3460 474 3518 et
492 3452 710 3514 abscondetur
733 3453 772 3514 de
796 3470 835 3514 eo
859 3453 949 3532 quod
967 3459 1102 3532 apparet
1124 3450 1401 3532 superputatus
1423 3452 1516 3516 color

440 3580 591 3640 croceus3
609 3563 649 3624 de
664 3561 716 3623 his
733 3568 843 3625 autem
860 3579 946 3641 quae
961 3563 1085 3624 suntin
1099 3563 1225 3624 duabus
1239 3563 1513 3636 extremitatibus,

440 3672 658 3735 abscondetur
672 3672 785 3744 rubea,
797 3688 880 3751 quae
894 3677 945 3734 est
957 3689 1058 3752 super
1070 3673 1129 3732 lm.
1145 3671 1305 3751 Reliquae
1317 3689 1393 3735 vero
1404 3672 1516 3736 lineas

422 3789 637 3846 conservant
657 3781 731 3844 loca
753 3799 885 3854 aarum,
908 3798 994 3860 quae
1017 3771 1347 3860 habebant,qua1'rdo
1364 3788 1516 3862 aspectus

357 3917 363 3936 -
390 3901 392 3906 ’
440 3884 614 3954 oculorum
629 3892 765 3954 cadebat
780 3909 879 3970 super
895 3909 960 3954 eas.
975 3891 1069 3964 Quod
1084 3898 1191 3954 totum
1207 3892 1359 3969 sequitur
1377 3910 1415 3954 aa
1432 3909 1516 3972 quae

442 4000 534 4080 prius
558 4000 861 4064 determinavimus.

482 4111 548 4174 Hac
570 4111 668 4190 igitur
690 4113 728 4174 de
752 4128 862 4183 causa,
882 4128 957 4174 cum
974 4111 1058 4176 visui
1078 4111 1217 4173 insitum
1234 4112 1276 4174 sit
1290 4109 1441 4174 mirabile
1459 4085 1531 4174 cte-⁶
1571 4104 1574 4110 ’
