3512 5456
427 588 489 655 112

424 699 678 776 immoderatae,
700 703 888 763 coartantur
907 711 1038 778 semper
1059 695 1101 761 ad
1121 693 1395 778 propinquiorem
1415 715 1501 777 rem,

425 821 459 879 st
482 826 559 876 cum
585 810 680 875 locus
702 808 946 872 coniunctionis
975 807 1075 871 fuerit
1106 813 1192 870 retro
1224 807 1351 885 visum,
1377 827 1430 875 res
1451 811 1503 874 ri-

425 923 531 988 denda
558 939 627 984 non
653 919 784 984 videtur
816 921 905 982 retro
935 916 1055 980 visum.
1090 916 1310 998 impossibilis
1336 924 1387 984 est
1415 921 1504 984 anim

424 1031 619 1098 huiusmodi
641 1029 769 1112 opinio,
800 1029 860 1092 scd
884 1029 1016 1092 videtur
1043 1033 1119 1092 ante
1140 1027 1329 1110 speculum,
1352 1030 1504 1112 quamvis

423 1145 538 1227 passio
560 1159 645 1224 quae
669 1140 787 1206 accidit
800 1140 836 1202 in
853 1157 967 1215 sensu,
982 1157 1049 1203 non
1066 1139 1210 1203 ostendit
1224 1137 1367 1206 formam
1380 1142 1416 1206 in
1430 1159 1507 1224 pro·

424 1255 497 1336 prio
519 1253 593 1316 loco
615 1269 693 1327 suo,
717 1250 776 1316 sed
798 1251 891 1314 ducit
911 1251 954 1314 ad
974 1248 1088 1313 locum
1114 1265 1180 1329 quo
1202 1267 1272 1314 non
1294 1257 1345 1315 est
1366 1251 1398 1316 ei
1418 1251 1504 1317 situs

424 1363 594 1446 proprius,
616 1361 752 1426 sicutin
769 1359 1043 1442 praecedentibus
1065 1359 1221 1436 diximus3
1245 1361 1404 1442 quoniam
1418 1360 1506 1427 situs

426 1475 480 1538 cui
506 1491 575 1538 non
603 1471 796 1536 attribuitur
823 1469 917 1534 locus
947 1469 1116 1551 proprius,
1146 1469 1291 1534 ostendit
1318 1470 1504 1537 subiectam

424 1601 496 1648 ram
517 1583 553 1646 in
575 1583 648 1664 ipse
669 1580 843 1662 superficie
869 1579 1008 1661 speculi.
1038 1579 1076 1642 In
1098 1579 1167 1642 situ
1187 1585 1299 1644 autem
1312 1581 1380 1660 ‚qni
1405 1581 1505 1648 habet

425 1694 597 1775 proprium
619 1691 748 1765 locum,
773 1691 814 1754 iit
833 1690 1019 1756 secundum
1048 1689 1250 1771 positionem
1272 1691 1345 1754 eius
1366 1691 1502 1767 amau,

426 1804 660 1868 etsecundum
683 1801 748 1866 hcc
769 1801 807 1865 fit
828 1800 937 1865 forme
957 1799 993 1862 i'n
1017 1799 1162 1880 speculo,
1176 1799 1332 1865 videlicet
1344 1815 1408 1877 res,
1424 1808 1506 1884 qna·

426 1931 501 1977 rum
515 1914 641 1976 formae
656 1911 782 1976 fuerint
797 1917 871 1992 post
884 1909 994 1973 visum
1010 1915 1043 1972 et
1058 1916 1133 1991 post
1145 1908 1334 1991 speculum,
1348 1911 1508 1976 videntur

424 2029 499 2106 pest
517 2021 707 2105 specuium,
722 2027 755 2084 et
769 2037 853 2100 quae
868 2027 947 2084 sunt
961 2026 1048 2084 retro
1062 2019 1183 2097 risum,
1200 2027 1364 2102 apparent
1375 2021 1504 2088 iormae

425 2151 541 2200 earum
564 2139 640 2197 ante
663 2131 848 2214 speculum.

394 2279 397 2284 ·
469 2244 628 2308 Possihile
650 2250 701 2308 est
723 2249 836 2306 autem
857 2242 956 2306 nobis
971 2239 1175 2323 perpendere
1188 2240 1251 2306 has
1264 2241 1404 2324 species,
1420 2259 1504 2325 quas

425 2356 569 2418 diximus
596 2355 638 2419 dc
666 2355 754 2429 situ,
778 2369 1048 2433 unamquamque
1074 2353 1188 2432 utique
1211 2353 1377 2416 semotim.
1408 2353 1444 2416 si
1465 2353 1501 2416 in

426 2471 613 2547 praetaxata
634 2464 730 2528 nobis
752 2444 872 2544 planca
893 2463 1162 2544 protraxerimus,
1181 2463 1269 2526 sicut
1283 2465 1503 2543 protraximus

426 2578 462 2640 in
474 2576 589 2656 ‘figura
612 2593 697 2657 quae
719 2575 807 2638 hanc
827 2574 1011 2656 praecedit,
1034 2572 1142 2638 lineas
1158 2573 1198 2636 et
1216 2573 1281 2653 (pip.
1297 2571 1350 2652 eet
1367 2575 1504 2655 quidem

425 2687 521 2752 etat
544 2688 585 2751 ad
608 2684 765 2768 aequales
784 2685 939 2766 angulos,
953 2687 1092 2750 atvero
1108 2684 1385 2764 aequidistantem
1400 2685 1453 2762 et,
1468 2693 1504 2750 st
1625 2771 1628 2776 Ι

427 2797 686 2879 protraxerimus
707 2799 791 2870 eds,
813 2805 846 2860 et
873 2795 1084 2877 posuerimus
1111 2795 1223 2859 visum
1245 2809 1345 2878 super
1365 2815 1401 2873 ος
1422 2811 1502 2862 oon·

424 2927 543 2973 cavum
566 2915 678 2972 autem
704 2907 877 2990 speculum
903 2907 1116 2989 posuerimus
1137 2925 1244 2989 super.
1260 2907 1502 2973 circumieran-

425 3020 507 3084 tiam
528 3021 609 3100 cip,
631 3026 664 3082 et
677 3019 826 3082 nitemur
841 3019 987 3100 aspicere
1002 3019 1128 3082 formas
1145 3018 1505 3102 magnitudinum'psr

423 3139 541 3194 rarum
575 3105 800 3196 moratium
832 3131 1018 3211 positarum
1054 3141 1154 3210 super
1186 3127 1289 3192 iiuea‘
1304 3130 1362 3204 ts,
1397 3129 1505 3194 dorma

425 3243 543 3324 utique
559 3239 799 3322 magnitudinis
816 3241 943 3322 positae
965 3257 1067 3320 super
1083 3259 1103 3303 z
1124 3245 1183 3305 aut
1195 3241 1217 3303 t
1230 3239 1395 3304 ridebitur
1408 3241 1504 3321 quasi

427 3353 587 3417 continua
607 3353 644 3414 in
667 3352 740 3417 loco
756 3352 906 3434 speculi,
930 3353 965 3414 in
987 3367 1055 3431 quo
1077 3358 1127 3415 est
1149 3352 1185 3427 d,
1209 3358 1242 3415 et
1261 3350 1396 3416 habehit
1412 3351 1505 3433 pusi·

418 3459 553 3528 ‘tionem
569 3461 761 3528 sicciorem
777 3463 878 3526 illius.
901 3463 1038 3526 Formae
1058 3462 1148 3526 enim
1163 3462 1212 3526 rei
1224 3461 1356 3542 positae
1368 3477 1504 3544 supsrs

426 3563 484 3637 sut
503 3573 528 3636 t
546 3571 661 3636 nuilus
689 3578 739 3636 est
767 3571 849 3636 situs
878 3572 914 3634 in
944 3571 1077 3653 proprio
1106 3572 1180 3635 loco
1208 3571 1396 3636 terminato:
1417 3568 1504 3635 Iiiud

426 3685 562 3765 quidem
585 3683 675 3764 quod
697 3691 747 3747 ost
768 3683 924 3763 superi,
947 3699 1015 3746 non
1037 3682 1140 3746 habet
1162 3679 1274 3745 locum
1293 3679 1503 3746 coniuratio-

426 3795 480 3858 nis
503 3794 693 3876 proprium3
716 3793 801 3858 iilud
821 3811 900 3858 vero
923 3794 1012 3872 quod
1034 3799 1085 3858 est
1107 3809 1207 3873 super
1221 3807 1247 3868 s,
1269 3790 1505 3856 hebetiorum

426 3921 640 3970 communem
663 3904 728 3968 sibi
749 3912 782 3968 ct
803 3905 907 3983 sisui,
925 3921 1002 3968 cum
1021 3905 1065 3968 sit
1080 3903 1270 3968 coniunctio
1285 3903 1322 3966 iu
1337 3910 1502 3984 punctos.

426 4017 573 4091 Quorum
595 4023 708 4081 autem
730 4015 814 4078 situs
836 4021 886 4078 est
906 4016 992 4078 inter
1012 4015 1095 4079 haec
1116 4014 1183 4078 duo
1205 4013 1380 4088 loca,·uon
1400 4027 1502 4096 eppa·

426 4107 501 4191 ierit
521 4129 648 4192 termae
669 4141 785 4191 eorum
807 4143 909 4208 super
930 4127 1041 4209 ipsum
1063 4122 1253 4207 speculum,
1274 4123 1503 4190 cum'sintsis
