3520 5466
1284 550 1324 614 lt

243 683 320 748 ergo
343 683 428 748 quae
449 681 518 730 non
539 662 690 728 inferunt
710 661 796 726 visui
818 659 1011 726 huiusmodi
1032 660 1238 742 passionem,
1259 679 1321 726 ne·

245 794 415 858 quaquam
440 776 595 839 videntur
619 780 655 836 ut
677 772 736 835 illa
758 789 843 853 quae
866 771 1008 852 diximus
1032 788 1196 834 essenon
1219 773 1325 854 spissa

244 887 305 950 sed
325 887 472 966 subtilie;
493 904 556 949 neo
579 885 669 948 enim
692 884 933 964 dignoscuntur
954 899 1013 961 per
1029 882 1154 958 visum,
1173 899 1235 945 nec
1251 901 1323 946 sen·

246 997 374 1059 tiuntur
395 1013 455 1078 per
476 1014 553 1059 eum
576 1013 648 1059 esse
665 999 812 1076 'corpora
835 993 969 1057 Videtur
985 997 1096 1056 autem
1110 991 1212 1069 illud,
1227 993 1323 1056 cuius

246 1107 337 1170 color
352 1113 401 1171 est
415 1107 567 1188 spissior,
589 1106 711 1168 babere
734 1105 896 1167 maiorem
919 1101 1195 1184 corporalitatem,
1211 1121 1324 1186 quam·

198 1249 201 1256 ,
245 1217 296 1280 vis
317 1235 386 1279 non
409 1217 472 1280 tale
495 1215 554 1291 sit,
576 1221 613 1277 ut
635 1213 686 1278 lac
709 1215 751 1277 ad
773 1213 1057 1294 comparationem
1079 1213 1165 1276 vitri.

286 1327 381 1392 Visus
410 1344 544 1410 quoque
570 1324 728 1388 discernit
750 1324 848 1387 situm
870 1341 1070 1405 corporum,
1101 1330 1133 1387 et
1155 1325 1323 1405 cognoscit

247 1456 324 1501 eum
339 1456 398 1518 per
415 1438 515 1500 situm
537 1435 779 1518 principiorum
801 1452 950 1510 suorum,
973 1452 1056 1518 quae
1078 1434 1146 1497 iam
1170 1435 1322 1512 diximus

246 1555 278 1612 et
299 1565 357 1629 per
380 1547 513 1611 ordines
536 1545 706 1610 radiorum
729 1563 748 1608 a
770 1543 844 1608 visu
866 1543 1055 1607 cadentium
1076 1561 1175 1625 super
1189 1543 1259 1620 illa,
1273 1547 1321 1609 ri·

244 1658 363 1722 delicet
391 1675 476 1740 quae
498 1657 585 1720 fiunt
606 1657 643 1718 iu
665 1655 873 1736 longitudine
897 1656 1080 1718 secundum
1102 1655 1322 1736 quantitatem

246 1769 437 1844 radiorum,
459 1769 517 1848 qui
540 1766 725 1848 procedunt
747 1785 767 1829 a
788 1766 893 1846 capite
916 1765 1273 1848 visibilis'pyramidis,
1291 1773 1324 1831 et

247 1880 333 1942 flunt
353 1879 389 1941 in
408 1879 583 1942 latitudine
599 1886 631 1942 et
645 1876 869 1959 profunditate
884 1877 1069 1939 secundum
1085 1877 1256 1940 distantias
1271 1897 1323 1942 eo-

244 2007 320 2052 rum
342 1990 383 2053 ab
407 2007 463 2052 axe
487 1987 679 2052 consimiles
697 1988 826 2064 ordine;
844 1987 1002 2078 quoniam
1018 1987 1224 2050 diversitates
1240 1987 1322 2051 situs

244 2101 428 2164 secundum
451 2099 514 2162 hoc
532 2097 627 2174 liunt,
641 2099 730 2180 quod
749 2099 840 2162 enim
854 2097 983 2160 videtur
998 2097 1140 2177 longiori
1156 2099 1258 2173 radio,
1275 2100 1321 2162 vi-

244 2211 339 2274 detur
361 2211 532 2285 remotius,
547 2227 623 2273 cum
638 2209 740 2272 fuerit
754 2212 970 2288 augmentum
984 2207 1200 2288 longitudinis
1217 2209 1321 2272 sensi-

243 2321 324 2384 bile:
347 2323 436 2402 quod
458 2322 552 2384 decet
572 2339 633 2383 nos
652 2319 839 2400 intelligere
854 2318 890 2380 in
907 2317 1063 2382 omnibus
1079 2319 1249 2399 speciebus
1265 2320 1321 2382 de·

245 2430 445 2511 ceptionum.
454 2431 576 2494 Accidit
588 2431 680 2494 enim
690 2430 852 2512 quaedam
866 2430 1016 2510 deceptio
1030 2447 1068 2492 er
1080 2428 1322 2496 diversitatibus

245 2539 469 2618 sensibilibus,
485 2557 569 2621 quae
587 2539 671 2602 liunt
688 2539 782 2602 alitei
797 2539 837 2602 de
852 2537 916 2614 hie,
939 2555 1025 2619 quae
1048 2539 1203 2604 ao‘oidunt
1223 2541 1321 2604 rebus

242 2649 414 2728 videndis,
437 2669 521 2732 quae
548 2651 663 2731 utique
690 2627 950 2729 significabimus
972 2657 1097 2730 postea.
1131 2651 1319 2730 Magnitudo

243 2779 336 2836 vero,
360 2779 444 2842 quae
468 2779 505 2823 ex
528 2758 851 2840 augmentationibus
866 2760 965 2822 modo
981 2758 1130 2840 quolibet
1144 2769 1273 2840 reperta
1286 2761 1320 2823 in

244 2871 409 2936 distantiis
426 2877 475 2935 est
487 2870 703 2944 insensibilis,
718 2871 816 2933 debet
831 2871 986 2950 cognosci
1000 2869 1233 2934 universaliter
1247 2889 1321 2934 oon·

244 2983 358 3046 sistere
374 2999 412 3044 ea
428 2981 592 3045 debilitate
606 2981 706 3043 visus.
729 2980 809 3042 llum
832 2979 959 3060 aliquid
982 2981 1246 3060 magnitudinem
1264 2981 1320 3044 ha-

244 3093 327 3155 bens
343 3092 443 3156 fuerit
459 3092 498 3155 ab
516 3090 696 3172 aspiciente
719 3096 894 3166 remotum,
911 3096 949 3152 ut
962 3107 1000 3152 ea
1016 3105 1100 3170 quae
1115 3090 1268 3153 videntur
1284 3091 1320 3153 in

244 3202 346 3278 coelo,
368 3220 406 3266 ex
428 3200 586 3284 parvitate
610 3208 723 3264 autem
743 3200 893 3282 ipsorum
909 3200 1106 3280 angulorum
1122 3199 1169 3276 fit,
1186 3201 1320 3282 quando

242 3330 309 3375 non
325 3313 450 3377 habent
465 3313 504 3376 ab
520 3311 698 3392 aspiciente
717 3311 858 3374 nimiam
872 3310 1074 3387 distantiam,
1090 3328 1199 3392 neque
1215 3331 1320 3394 quan-⁴

246 3424 353 3487 titates
367 3440 483 3486 eorum
494 3422 620 3486 habent
629 3424 879 3504 proportionem
891 3422 932 3485 ad
944 3421 1187 3502 magnitudines
1198 3423 1319 3487 distan-

243 3534 374 3597 tiarum.
396 3533 458 3596 Illa
478 3549 552 3596 vero
576 3551 662 3614 quae
681 3539 841 3614 apparent
858 3531 1065 3610 sublimiora,
1081 3540 1159 3596 sunt
1173 3551 1256 3616 quae
1273 3535 1320 3597 vi·

243 3645 362 3708 deutur
383 3661 442 3724 per
463 3643 573 3708 radios
589 3644 694 3724 magis
710 3643 914 3707 declinantes
932 3645 973 3707 ad
991 3639 1034 3720 id,
1052 3645 1142 3725 quod
1157 3651 1207 3708 est
1222 3663 1321 3726 super

241 3755 349 3836 capita
362 3760 490 3833 nostra;
507 3772 591 3836 quae
608 3760 720 3818 autem
736 3761 893 3838 apparent
906 3755 1075 3832 inferiora,
1090 3760 1167 3819 sunt
1185 3773 1319 3837 eaquae

242 3865 397 3928 videntur
417 3882 476 3946 per
489 3866 608 3930 radios
624 3865 798 3928 inferiores
814 3873 847 3929 et
861 3866 966 3946 magis
982 3865 1188 3931 declinantes
1204 3881 1324 3931 versus·

242 3975 352 4055 pedes.
374 3975 534 4040 Similiter
556 3975 657 4040 etiam
685 3975 774 4056 quod
795 3993 854 4057 per
875 3977 987 4040 radios
1009 3978 1141 4041 dextros
1163 3978 1317 4053 videtur,

244 4092 378 4166 apparet
400 4105 420 4150 a
441 4086 578 4162 dextris,
609 4092 640 4150 et
663 4088 753 4168 quod
774 4105 833 4168 per
853 4087 1028 4164 sinistros,
1055 4105 1074 4151 a
1095 4088 1263 4164 sinistris,
1287 4095 1319 4152 et

1272 4241 1288 4289 9
