3520 5466
1288 629 1322 694 ll

292 735 451 802 Similiter
479 737 579 801 etiam
609 735 743 801 habitus
765 741 815 802 est
835 737 871 801 in
894 752 1097 819 unaquaque
1118 738 1327 822 reliquarum

247 863 376 921 rerum,
401 863 580 928 quaecum
597 845 765 911 consimili
785 847 950 924 videntur,
973 823 1062 929 quod
1083 849 1121 913 fit
1142 849 1327 914 secundum

250 955 427 1020 fallaciam.
450 956 574 1021 Iterum
598 957 633 1021 in
657 957 814 1022 omnibus
836 975 922 1038 quaa
939 957 1106 1035 utentur,
1122 975 1198 1024 cum
1213 959 1328 1024 lumen

251 1073 284 1131 et
304 1065 394 1131 visus
415 1067 450 1130 ln
474 1065 575 1130 simul
597 1066 777 1132 ceciderint
797 1085 899 1150 super
921 1085 1097 1150 corporum
1119 1069 1326 1151 superficies,

250 1175 356 1259 magis
379 1179 534 1242 convenit
555 1185 592 1241 ut
607 1177 780 1259 primores
796 1178 964 1243 sensibilis
979 1180 1022 1242 sit
1036 1178 1170 1243 habitus
1185 1179 1328 1261 superil-

250 1287 312 1351 ciei
332 1305 446 1352 rerum
465 1305 549 1369 quas
564 1288 732 1368 videntum
751 1287 841 1353 color
857 1295 968 1354 autem
984 1295 1034 1353 est
1047 1289 1235 1371 superficiei
1247 1307 1326 1371 pro·

249 1397 341 1478 prior
370 1415 472 1478 quam
498 1397 656 1464 subiectis
672 1399 800 1477 rebus,
828 1407 861 1463 et
882 1399 956 1464 ideo
981 1399 1109 1480 antiqui
1126 1405 1329 1465 vocaverunt

245 1507 439 1588 superficies
462 1507 932 1592 colores,quonian1habitus
955 1508 1005 1572 rei
1027 1507 1171 1600 lucidae,
1193 1509 1328 1589 quioc-

249 1615 330 1681 cidit
350 1621 386 1680 in
410 1617 629 1682 substantiam
646 1635 758 1696 suam,
777 1626 828 1682 est
842 1618 935 1684 color
950 1617 1088 1702 aliquis,
1105 1624 1138 1683 et
1151 1637 1255 1700 genus
1270 1637 1327 1682 su·

249 1723 398 1809 perficiet
420 1745 473 1793 res
497 1737 547 1794 est
567 1729 648 1795 huic
669 1729 800 1806 similis,
823 1736 856 1794 et
877 1730 1033 1794 convenit
1048 1729 1079 1794 ei
1094 1744 1219 1794 nomen
1243 1729 1328 1793 eius.

205 1876 208 1883 ·
247 1837 292 1902 De
314 1839 480 1905 universis
499 1840 635 1921 quidem
650 1841 750 1905 rebus
764 1840 916 1906 videndis
931 1857 1052 1922 corpus
1068 1857 1136 1904 non
1153 1848 1203 1904 est
1217 1857 1329 1922 super·
1439 1876 1445 1888 ι

247 1949 349 2025 ficies,
362 1957 412 2015 est
425 1954 588 2015 terminus
604 1953 685 2016 eius.
701 1951 863 2035 Reliquae
878 1969 955 2015 vero
970 1969 1024 2016 res
1037 1967 1154 2015 omnes
1165 1950 1328 2015 udendae

248 2061 595 2126 existunt'secundum
613 2062 741 2146 aliquid
764 2079 892 2139 eorum,
916 2080 1003 2143 quae
1025 2067 1104 2126 sunt
1124 2060 1327 2142 superficiei;

246 2171 437 2260 magnitudo
453 2173 544 2238 enim
560 2179 610 2238 est
627 2176 790 2238 terminus
803 2173 998 2256 quantitatis
1011 2171 1210 2254 superficiei,
1221 2171 1328 2252 figura

248 2288 361 2347 autem
385 2283 478 2348 ordo·
492 2284 661 2368 qualitatis
684 2283 888 2366 superficiei,
911 2285 994 2348 situs
1017 2299 1149 2364 quoque
1165 2284 1327 2347 terminus

247 2389 314 2456 loci
333 2395 531 2476 superficiei.
548 2383 654 2460 Motus
668 2411 756 2471 vero,
771 2411 849 2459 cum
864 2392 963 2460 elicui
978 2394 1116 2456 istorum
1132 2393 1176 2456 sit
1191 2391 1328 2456 attribu·

247 2511 315 2579 tum
323 2503 477 2569 videlicet
489 2513 600 2569 motus
612 2504 820 2580 mutationis,
831 2503 1121 2585 augmentationis,
1130 2503 1328 2566 minutionis

249 2618 281 2678 et
302 2613 540 2692 translationis,
558 2615 716 2698 possibile
739 2621 790 2680 est
811 2614 954 2678 inveniri
970 2613 1152 2693 unicuique
1167 2629 1328 2676 sensuum

246 2723 418 2806 proprium
440 2725 597 2790 sensibile
616 2725 829 2802 conveniens,
846 2727 884 2788 u't
898 2725 1024 2806 species
1039 2721 1191 2805 repulsae
1207 2739 1327 2786 manus

244 2833 280 2896 in
294 2840 396 2912 tactu,
412 2842 444 2900 et
460 2835 641 2900 humorum
656 2838 692 2899 in
708 2841 816 2918 gustu,
831 2841 864 2899 et
876 2851 997 2900 vocum
1015 2834 1051 2897 in
1069 2833 1185 2898 auditu
1201 2839 1234 2897 et
1251 2833 1328 2896 odo·

233 2939 323 3009 'rum
337 2945 373 3009 in
391 2948 539 3011 odoratu.
564 2947 601 3009 ln
625 2947 780 3010 omnibus
795 2963 884 3021 vero,
901 2963 987 3026 quae
1003 2943 1189 3008 secundum
1204 2943 1327 3032 prinei·

246 3053 340 3135 pium
363 3074 542 3121 nervosum
564 3057 757 3121 communia
778 3059 856 3118 sunt
877 3053 1043 3129 sensibus,
1066 3058 1171 3116 tactus
1189 3042 1221 3115 et
1235 3053 1326 3116 visam

245 3165 443 3248 participant
466 3167 549 3243 sibi,
573 3175 706 3250 excepto
725 3167 761 3229 in
777 3165 903 3242 colore;
927 3161 1019 3227 color
1033 3163 1124 3227 enim
1140 3159 1235 3225 nullo
1251 3177 1327 3225 sen·

246 3292 348 3338 suum
371 3275 585 3357 dignoscitur,
608 3276 673 3339 nisi
695 3273 897 3357 pervisum.
920 3272 1025 3338 Dabat
1046 3289 1123 3354 ergo
1146 3271 1326 3336 colorasse

246 3384 404 3450 sensibile
427 3385 598 3468 proprium
620 3385 719 3461 visui,
748 3392 780 3450 et
801 3385 875 3449 ideo
899 3383 1004 3448 iactus
1021 3388 1069 3448 est
1084 3381 1176 3447 color
1190 3381 1225 3445 id
1239 3381 1327 3461 qnod

244 3495 351 3578 primo
366 3493 497 3560 videtur
518 3503 592 3578 post
613 3495 741 3559 lumen.
766 3495 855 3560 Unde
872 3501 1007 3577 apparet
1023 3493 1113 3577 quod
1128 3507 1181 3557 res
1196 3509 1263 3555 non
1280 3492 1326 3556 ita

244 3621 279 3668 se
295 3604 406 3685 habet,
418 3614 455 3670 ut
469 3607 606 3689 quidam
622 3607 888 3682 aestimaverunt,
903 3605 1052 3670 dicentes
1070 3605 1159 3688 quoq
1175 3601 1268 3666 color
1281 3601 1327 3665 sit

244 3731 297 3778 res
313 3715 465 3780 accidens
480 3717 567 3780 visui
583 3723 615 3781 et
625 3715 758 3794 lumini,
770 3735 833 3781 nee
847 3715 946 3782 habet
960 3715 1127 3798 propriam
1139 3713 1324 3777 subsisten-

247 3825 342 3902 tiam,
366 3844 406 3890 eo
428 3827 520 3908 quod
543 3827 655 3891 omnia
682 3825 853 3891 sensibilia
874 3844 943 3891 non
964 3825 1115 3906 indigent
1137 3822 1252 3906 aliquo
1271 3839 1325 3886 ex·

242 3935 399 4025 trinseoo;
416 3935 544 4002 colores
560 3931 672 4003 autem
684 3937 836 4020 indigent
850 3937 991 4001 lumine.
1007 3935 1091 3998 Hine
1106 3951 1182 4015 ergo
1197 3933 1327 3996 videtur

243 4043 316 4138 hoc
330 4065 403 4112 esse
424 4049 573 4113 defectus
588 4049 770 4130 procedens
786 4067 806 4112 a
824 4047 910 4124 usu,
928 4065 997 4112 non
1013 4063 1032 4109 a
1046 4045 1146 4109 rebus
1160 4043 1326 4120 videndis3
1357 4035 1360 4042 '

244 4171 298 4220 res
321 4157 411 4221 enim
435 4135 523 4240 quae
546 4136 713 4236 videntur,
728 4165 762 4222 et
775 4157 899 4223 visibili
921 4155 1035 4222 sensui
1052 4154 1236 4228 subiacent,
1258 4168 1326 4216 non
