3520 5466
444 601 464 667 8

483 711 629 775 Dicimus
651 728 740 791 crgo,
763 711 851 790 quod
872 709 964 774 visus
986 711 1155 790 cognoscit
1177 728 1308 793 corpus,
1324 713 1523 794 magnitudi-

445 839 542 896 nem,
566 820 729 906 colorem„
752 820 902 900 figuram,
925 820 1042 894 situm,
1064 828 1193 884 motum
1209 827 1243 885 et
1256 821 1414 902 quietem.
1437 824 1525 886 Nihil

410 913 412 920 ’
445 936 555 994 autem
579 949 619 995 ex
640 931 694 994 his
716 931 885 1010 cognoscit
905 929 1092 994 visus‘sine
1115 929 1229 1012 aliquo
1257 931 1368 996 lucido
1391 942 1424 996 ct
1446 952 1525 1015 quo·

441 1039 524 1104 libet
544 1031 740 1121 prohibente
763 1037 1044 1119 penetrationem
1063 1057 1126 1108 nco
1143 1037 1331 1120 indigemus
1350 1043 1426 1106 inde
1445 1041 1522 1123 plus

389 1229 392 1238 .
441 1150 495 1214 his
517 1151 638 1214 dicere.
662 1148 775 1223 Qualis
797 1154 908 1212 autem
931 1150 974 1212 sit
990 1149 1123 1214 habitus
1139 1149 1175 1213 in
1192 1169 1394 1239 unaquaque
1410 1171 1522 1218 rerum

443 1259 680 1334 videndarum,
703 1258 975 1324 determinandus
997 1266 1057 1324 est.
1079 1260 1224 1324 Dicimus
1248 1278 1325 1341 crgo
1348 1260 1430 1325 haec
1445 1263 1524 1326 duo·

439 1370 505 1434 hus
527 1370 665 1434 existere
687 1370 819 1445 modis,
842 1387 987 1450 quorum
1010 1369 1093 1432 alter
1114 1370 1151 1432 dt
1172 1371 1358 1434 secundum
1381 1371 1518 1453 disposi-

442 1477 570 1544 tionc'm
592 1480 642 1544 rei
662 1481 846 1556 videndae,
875 1481 957 1544 alter
976 1498 1055 1544 vero
1076 1481 1262 1544 secundum
1285 1488 1395 1545 ectum
1417 1483 1520 1546 visus.

438 1590 590 1654 dicamus
612 1590 714 1672 igitur
735 1591 775 1654 de
798 1583 1002 1670 unoquoque
1025 1592 1191 1654 semotim.

480 1700 576 1764 Prius
595 1707 707 1764 autem
723 1699 923 1780 insilimus
935 1700 983 1764 nh
996 1699 1055 1774 eoj'
1065 1699 1125 1780 qni
1141 1702 1394 1766 sesecundum
1410 1702 1519 1784 dispo·

436 1810 593 1874 sitionem
615 1828 727 1874 rerum
749 1810 988 1886 videndarum,
1012 1828 1113 1891 quare
1137 1809 1222 1875 eliae
1246 1812 1400 1876 videntur
1419 1831 1517 1886 vere,

440 1920 525 1986 aliae
547 1922 655 2002 primo
679 1927 711 1984 et
734 1921 819 1984 eliae
842 1929 1026 2001 sequenter.
1043 1922 1131 1996 Quae
1155 1939 1231 2002 ergo
1253 1941 1331 1986 vere
1353 1923 1519 1998 videntur,

437 2039 514 2094 suut
535 2029 648 2094 lucida
670 2032 792 2113 spisso;
815 2049 868 2096 res
893 2033 982 2096 enim
1005 2031 1092 2094 visui
1115 2031 1284 2096 subiectae
1308 2033 1429 2096 debent
1444 2049 1518 2098 esse

439 2141 752 2224 quomodocumque
774 2139 915 2216 lucidae,
938 2149 997 2205 nut
1011 2157 1050 2206 cx
1064 2159 1101 2204 se
1115 2150 1173 2206 aut
1186 2142 1334 2220 aliunde,
1355 2159 1433 2205 cum
1455 2142 1518 2204 hoc

434 2253 481 2314 sit
502 2253 675 2334 proprium
697 2251 820 2318 visibili
842 2252 979 2325 sensui,
1010 2259 1046 2316 ct
1063 2253 1193 2332 spineo
1211 2253 1249 2314 in
1270 2252 1455 2316 substsntis
1476 2252 1519 2316 ad

434 2362 650 2431 monendum
671 2362 792 2438 uisum,
815 2369 853 2426 ut
873 2363 980 2429 victus
995 2368 1145 2442 pcncuet
1165 2380 1225 2428 eos
1238 2369 1271 2429 et
1289 2380 1356 2429 uon
1374 2369 1519 2429 inensem

435 2473 506 2534 sine
530 2472 649 2536 effectu
671 2472 841 2536 incidenti.
867 2473 956 2538 Unde
979 2471 1185 2554 impossibile
1202 2478 1252 2539 est
1266 2471 1397 2554 aliquid
1411 2471 1516 2536 videri

437 2583 509 2645 sino
523 2581 577 2645 his
592 2583 759 2663 utrisque,
773 2599 883 2663 neque
906 2600 983 2646 oum
1006 2601 1075 2646 uno
1097 2580 1306 2646 sinc-altero.
1329 2582 1391 2644 illu
1405 2589 1515 2646 autem

435 2711 521 2773 quac
542 2692 650 2774 primo
672 2694 843 2782 videntur,
867 2700 947 2755 sunt
969 2692 1112 2768 colores,
1134 2692 1295 2775 quoniam
1314 2699 1387 2773 post
1401 2691 1515 2756 lumen

433 2801 519 2866 nihil
539 2802 673 2866 videtur
693 2803 784 2884 quod
806 2821 874 2870 non
897 2802 1017 2869 hebeat
1038 2803 1206 2894 colorem,
1238 2809 1348 2866 temen
1370 2821 1442 2866 non
1463 2801 1517 2888 Vi:

435 2911 557 2976 dentur
578 2930 676 2988 vore,
699 2913 781 2994 quia
802 2911 931 2981 colores
953 2911 1199 2992 quodammodo
1222 2917 1410 2996 sequuntur
1431 2910 1514 2994 spica

436 3022 615 3088 citudinem
638 3040 835 3104 corporum,
857 3041 920 3090 nec
941 3023 1095 3088 videntne
1115 3023 1189 3091 sine
1212 3021 1355 3087 lumine.
1381 3019 1513 3088 Colores

432 3134 523 3198 enim
545 3132 749 3198 intenebris
771 3151 938 3226 nusquam
960 3133 1129 3207 videntur,
1151 3138 1283 3212 praeter
1303 3149 1376 3196 rem
1397 3130 1511 3214 splen·

435 3242 545 3306 didam
569 3261 644 3306 cum
666 3244 769 3308 insita
791 3244 943 3310 albedine
959 3251 992 3308 et
1006 3243 1102 3308 valde
1116 3241 1269 3320 lenitsm;
1292 3258 1514 3324 unaquaeqne

434 3353 525 3416 enim
547 3353 688 3415 istarum
710 3362 760 3416 est
775 3354 873 3416 clara.
898 3352 1029 3416 Clarum
1046 3369 1179 3436 quoquc
1194 3360 1243 3420 est
1259 3353 1384 3434 species
1399 3351 1512 3416 lucidi.

430 3461 519 3536 Quae
551 3469 661 3526 autem
688 3470 870 3544 sequenter
897 3463 1073 3539 videntur,
1101 3469 1180 3528 sunt
1205 3463 1360 3528 universa
1380 3460 1510 3544 reliqua

432 3572 690 3652 praedictorum.
724 3599 728 3608 ·

457 3685 549 3764 ipsa
566 3684 657 3746 enim
672 3700 813 3764 corpora
827 3685 994 3766 cognoscit
1007 3684 1100 3748 visus
1114 3701 1172 3766 pcc
1187 3683 1315 3752 colores
1331 3691 1365 3748 et
1375 3683 1508 3748 habitus

430 3811 525 3874 suos;
547 3811 600 3858 res
621 3799 735 3858 cutem
758 3812 843 3874 quoe
860 3795 990 3860 nuliam
1012 3795 1136 3858 hahent
1156 3794 1431 3878 spissitudinem,
1451 3792 1513 3858 sed

429 3903 523 3968 vaide
546 3911 783 3980 tennensium,
805 3911 840 3970 et
861 3905 994 3971 nullum
1016 3905 1142 3971 hebent
1161 3903 1326 3982 colorem,
1350 3923 1417 3970 non
1440 3922 1513 3968 sen·

430 4013 561 4080 tiuntun
579 4032 645 4081 nec
663 4015 903 4096 dignoscentes
925 4033 984 4100 per
1004 4015 1114 4092 visum
1132 4015 1510 4098 essecorpora.1terum

429 4122 622 4202 magnitudo
650 4131 683 4186 et
711 4124 794 4187 situs
823 4130 855 4187 et
881 4125 988 4204 figura
1011 4144 1078 4189 non
1101 4125 1342 4206 dignoscuntur
1365 4124 1430 4194 nisi
1451 4141 1511 4206 per
