3550 5452
434 655 472 714 ro
1503 709 1506 716 .

432 769 499 824 ctos
522 761 670 840 angulos,
692 767 848 841 quaeest
868 763 949 835 adr,
974 761 1142 842 apparebit
1156 777 1377 842 urraqnaeque
1392 779 1506 824 rerum

430 874 609 953 positarum
632 889 732 951 super
746 871 832 934 hano
850 869 990 944 lineam,
1013 889 1089 932 oum
1112 872 1156 932 sit
1177 889 1278 951 super
1299 878 1398 951 eaput
1420 890 1503 950 pun-

431 983 475 1043 111
496 983 531 1055 ri,
559 1000 628 1042 una
649 981 685 1042 in
707 980 779 1044 looo
803 997 869 1060 qrro
893 987 952 1042 est.
986 981 1066 1041 Corn
1089 987 1200 1042 autern
1224 981 1384 1059 producta
1406 981 1506 1062 luerit

430 1091 520 1153 linea
543 1091 606 1151 btlr
628 1091 854 1169 aequidistans
878 1089 987 1152 lineae
1002 1093 1068 1151 eda
1090 1097 1123 1151 et
1139 1091 1261 1152 luerint
1277 1092 1342 1152 duo
1360 1107 1434 1151 axos
1451 1085 1506 1169 op'·

430 1201 529 1280 positi
550 1207 672 1280 puncto
693 1203 728 1273 d,
751 1217 803 1262 res
826 1217 910 1279 quae
926 1207 1092 1280 estsuper
1109 1206 1269 1279 punctum
1293 1209 1317 1274 t,
1341 1201 1507 1262 videbitur

430 1311 465 1371 in
490 1311 619 1372 duobus
638 1309 733 1383 loeis,
749 1309 806 1388 qui
823 1316 902 1370 sunt
915 1311 953 1383 t,
970 1309 1000 1370 lt.
1023 1310 1113 1372 Duae
1131 1319 1243 1371 autem
1258 1310 1506 1389 magnitudines

431 1421 556 1500 positae
579 1420 614 1480 iu
636 1418 689 1479 his
712 1419 843 1481 duobus
867 1418 971 1492 loeis,
998 1417 1195 1481 ridebuntur
1217 1421 1252 1480 in
1277 1419 1380 1482 tribus
1403 1419 1507 1492 loeis,

433 1531 491 1610 qui
522 1538 602 1590 sunt
631 1529 745 1607 puncti
772 1532 850 1591 tlrn.
884 1529 921 1590 Iu
949 1536 1072 1608 puncto
1102 1529 1238 1608 quidem
1266 1539 1277 1589 t
1305 1529 1508 1607 apparebunt

432 1646 593 1718 utraeque
617 1636 755 1698 insimul
778 1643 948 1716 tamquam
970 1637 998 1702 si
1014 1645 1125 1699 essent
1140 1655 1209 1698 una
1224 1641 1291 1714 res}
1310 1637 1509 1699 videbuntur

434 1756 543 1809 autern
559 1747 771 1825 disgregatae,
786 1748 808 1808 b
821 1747 955 1826 quidem
971 1763 1071 1825 super
1082 1753 1241 1824 pnnetnm
1253 1749 1274 1820 t,
1285 1745 1305 1808 lt
1318 1763 1394 1807 varo
1408 1763 1508 1824 super

434 1864 596 1937 punotum
611 1873 658 1928 nt,
676 1861 710 1918 et
725 1839 891 1918 videbitur
907 1871 1128 1934 unaquaeque
1147 1855 1187 1917 de
1207 1858 1249 1929 lt,
1268 1863 1300 1917 et
1317 1857 1357 1916 de
1374 1866 1436 1927 tm,
1451 1873 1509 1917 ae-

435 1964 543 2046 qualis
561 1965 621 2040 1111·
643 1977 675 2026 et
697 1964 725 2025 si
748 1964 958 2044 posuerimus
973 1971 1131 2043 utrosque
1147 1982 1225 2048 axes
1238 1966 1405 2044 oppositos
1421 1982 1508 2044 pun-

435 2083 487 2138 oto
511 2085 535 2150 t,
559 2074 745 2138 videbimus
768 2083 849 2138 tuno
869 2077 890 2136 d
912 2091 1012 2152 super
1034 2079 1173 2154 punctos
1195 2095 1223 2148 e,
1246 2093 1270 2136 s.

476 2189 513 2246 Et
534 2186 623 2265 quod
646 2184 778 2246 numeri
801 2184 940 2245 istorum
957 2191 1116 2262 apparent
1131 2192 1168 2244 ut
1183 2184 1343 2256 diximus,
1351 2183 1509 2264 possibile

435 2304 485 2356 est
501 2294 552 2355 illi
568 2295 784 2375 perpendere,
800 2293 859 2372 qui
875 2293 1060 2372 experietur
1075 2293 1151 2367 hoo,
1166 2312 1224 2374 per
1238 2293 1397 2373 regulam,
1410 2313 1510 2374 super
1541 2308 1544 2316 ’

433 2421 537 2484 quam
549 2403 672 2466 luerint
682 2403 748 2464 duo
757 2387 984 2483 cylindrioui
993 2421 1069 2465 vero
1079 2403 1304 2468 volueritvere
1313 2421 1510 2483 cognoscere

436 2514 511 2576 looa
532 2530 662 2584 eorum,
685 2511 855 2590 dignoscet
874 2531 913 2574 ea
927 2530 985 2591 per
1002 2513 1202 2591 positionem
1218 2512 1311 2590 digiti
1326 2531 1426 2592 super
1439 2531 1510 2576 rem
1546 2579 1553 2592 ,

439 2622 624 2684 videndam.
646 2621 773 2700 Digitus
797 2621 887 2682 eninr
910 2621 998 2683 cadit
1021 2639 1122 2700 super
1140 2639 1210 2683 rem
1228 2617 1421 2697 subiectam,
1437 2641 1513 2684 oum

442 2729 633 2811 apparuerit
654 2731 689 2791 in
713 2729 786 2792 loco
801 2730 864 2790 sibi
884 2729 1034 2810 propri0,
1053 2738 1085 2792 et
1098 2747 1175 2791 oum
1191 2749 1258 2792 non
1274 2730 1423 2792 fueritin
1439 2731 1513 2794 loco

439 2839 502 2901 sihi
524 2840 676 2919 proprio,
697 2856 765 2900 non
796 2839 883 2899 eadit
911 2855 1011 2918 super
1039 2857 1113 2901 eam
1141 2839 1280 2917 digitus,
1309 2841 1366 2902 sed
1394 2842 1516 2902 recedit

439 2948 525 3012 nihil
539 2948 586 3010 ibi
601 2948 784 3010 inveniens.
803 2945 942 3009 Causam
959 2927 1095 3027 quidem
1110 2947 1307 3010 diversitatis
1322 2966 1423 3027 qnam
1439 2941 1512 3028 pro'-

439 3075 670 3139 posueramus,
692 3057 904 3136 exposuimus
926 3058 961 3119 in
984 3056 1045 3119 illo
1068 3055 1153 3131 loeo,
1169 3065 1201 3120 et
1215 3059 1512 3120 domonstravimus

438 3167 589 3248 pluribus
607 3167 730 3240 modis,
748 3166 901 3229 videlieet
918 3185 995 3229 oum
1011 3167 1233 3245 opinabamur
1246 3167 1286 3230 de
1299 3166 1410 3242 rebus,
1427 3185 1512 3247 quae

439 3295 516 3338 oum
539 3277 689 3356 utrisque
713 3275 819 3338 oeulis
841 3276 995 3337 videntur
1016 3276 1163 3337 insimul.
1488 3343 1491 3346 ,

481 3385 560 3447 Illae
583 3385 735 3464 quidem,
758 3402 843 3464 quae
867 3384 1074 3464 aspiciuntur
1096 3403 1156 3464 per
1176 3386 1285 3448 radios
1308 3385 1423 3448 ordine
1439 3404 1515 3448 oon·

440 3494 581 3566 similoS,
604 3493 665 3556 etsi
688 3493 814 3555 luerint
836 3493 918 3566 duo,
940 3494 1093 3556 videntur
1115 3494 1214 3573 quasi
1230 3495 1264 3556 in
1283 3513 1352 3558 uno
1370 3494 1460 3573 looo;
1485 3497 1515 3558 si

440 3620 516 3666 vero
539 3621 607 3665 non
629 3602 837 3682 aspiciuntur
859 3620 917 3683 per
939 3603 1049 3666 radios
1072 3605 1185 3666 ordine
1215 3604 1421 3679 consimiles,
1452 3603 1516 3669 etsi

439 3710 540 3776 suerit
560 3720 645 3784 una,
666 3711 795 3775 videtur
817 3715 912 3792 quasi
934 3712 969 3774 in
993 3713 1124 3775 duobus
1146 3713 1237 3776 loois.
1262 3715 1329 3786 Qua
1352 3715 1392 3776 de
1415 3733 1516 3778 causa

440 3821 469 3882 si
491 3821 526 3882 iu
550 3821 614 3884 ista
636 3821 741 3901 figura
765 3821 832 3901 (rip.
861 3824 917 3896 171
947 3821 1212 3903 copulaverimus
1242 3822 1347 3886 lineas
1369 3843 1429 3896 oe,
1450 3841 1514 3903 oz,
1595 3903 1600 3914 ι

440 3931 492 4006 be,
516 3933 574 4004 az,
598 3941 647 4005 to,
671 3932 721 4004 tb,
745 3932 803 4006 bb,
825 3931 883 4004 ob,
907 3943 1127 4012 unaquaeque
1149 3935 1203 4006 de,
1226 3935 1271 3994 dz
1292 3934 1462 4014 apparebit
1479 3934 1514 3995 in

440 4057 508 4102 uno
531 4039 621 4114 looo,
643 4040 803 4120 quoniam
818 4045 878 4116 ad,
894 4043 938 4103 bd
960 4051 1039 4104 sunt
1061 4059 1161 4122 super
1178 4043 1268 4122 ipsos
1283 4059 1369 4116 axes,
1384 4051 1417 4105 et
1432 4041 1516 4105 radii

441 4149 500 4228 qui
521 4150 644 4211 cadunt
664 4167 764 4228 super
786 4169 801 4212 e
823 4159 855 4212 et
877 4169 976 4230 super
997 4171 1035 4226 z,
1059 4159 1138 4213 sunt
1161 4153 1276 4214 ordine
1300 4151 1514 4225 donsimiles,
