3550 5452
1296 611 1337 676 47

262 719 469 802 superficiem
499 717 646 800 speculi,
676 720 798 782 fuerint
825 719 939 799 parvi,
969 718 1031 783 erit
1060 719 1339 800 perpendicularis

261 850 373 913 parve,
397 838 430 894 et
452 831 544 894 locus
569 847 635 909 quc
662 847 716 892 res
743 835 893 910 apparet,
921 827 983 892 erit
1004 847 1105 910 prope
1128 831 1338 910 superficiem

261 941 399 1022 speculi.
422 942 509 1004 Haec
532 947 643 1005 autem
666 946 699 1003 et
716 941 763 1002 eis
779 941 1009 1003 convenientia
1024 941 1337 1006 demonstrabuntur

260 1069 319 1133 per
341 1069 395 1125 ee,
418 1069 501 1130 quae
524 1057 637 1132 postea
659 1049 779 1113 dicturi
802 1068 916 1112 sumus
932 1067 1007 1112 curn
1023 1051 1165 1144 propriis
1181 1053 1337 1116 determi-

260 1161 449 1224 nationibus
483 1179 598 1224 eorum
627 1161 663 1221 in
691 1159 774 1222 locis
797 1161 1012 1240 opportunis,
1034 1179 1076 1224 ne
1100 1163 1335 1240 quaerentibus

262 1272 356 1335 nohis
383 1270 513 1354 singule
540 1271 580 1332 de
603 1269 741 1350 singulis
764 1271 799 1331 in
823 1269 984 1332 universis
999 1269 1080 1333 locis
1096 1271 1334 1348 demonstrare,

261 1381 410 1444 condicio
433 1381 491 1442 dat
511 1381 547 1443 in
561 1397 725 1442 sermone.
748 1379 840 1443 Nunc
854 1397 930 1459 ergo
947 1381 1111 1444 sufficiant
1128 1383 1224 1445 nohis
1242 1383 1333 1458 haec,

263 1498 295 1554 et
317 1507 516 1572 exponemus
539 1489 623 1552 illud
644 1495 787 1564 tantum,
810 1491 852 1552 ad
874 1491 961 1569 quod
983 1491 1161 1566 tendimus,
1177 1499 1215 1555 ut
1229 1499 1336 1557 osten·

261 1603 357 1664 detur
378 1599 510 1663 fallacia
532 1617 616 1680 quae
640 1599 759 1664 accidit
779 1599 876 1662 visui.

303 1713 438 1791 Propter
460 1727 594 1785 causam
615 1711 715 1791 igitur
737 1711 940 1790 praedictam
962 1727 1039 1774 cum
1061 1711 1161 1776 inerit
1179 1712 1265 1794 ignis
1280 1721 1336 1778 aut

261 1819 374 1885 lumen
404 1839 520 1901 parum
550 1821 648 1882 altius
671 1821 710 1882 ab
733 1820 924 1894 horizonte,
959 1828 991 1884 et
1013 1840 1114 1902 prope
1137 1823 1335 1902 aspicientes

153 1967 156 1972 -
261 1932 363 1995 luerit
374 1937 534 2010 *stagnum
558 1938 615 1994 aut
636 1947 723 2010 aqua
743 1937 955 2010 congregata,
972 1932 1001 1993 si
1016 1933 1151 2011 quidem
1169 1951 1254 2013 aqua
1268 1953 1337 1998 mo-

262 2042 371 2104 derate
392 2041 591 2115 movebitur,
615 2041 786 2121 apparebit
807 2041 908 2113 visui,
931 2042 987 2120 qui
1004 2042 1209 2122 asuperflcie
1227 2061 1333 2123 equae

259 2151 453 2230 retringitur
474 2152 515 2212 ad
536 2151 648 2230 iguem
669 2149 720 2212 vel
742 2151 783 2213 ad
798 2151 922 2224 lumen,
940 2151 1046 2214 forme
1059 2151 1197 2214 luminis
1212 2154 1248 2216 in
1263 2155 1335 2234 ipsa

260 2261 433 2342 superficie
455 2277 560 2340 aquae
581 2260 690 2340 longe,
713 2268 745 2323 et
766 2261 931 2324 videbitur
952 2261 1080 2324 moveri
1094 2280 1170 2324 cum
1185 2265 1333 2328 motione

265 2372 497 2452 aspicientium
518 2370 629 2446 illam,
653 2388 825 2450 quousque
847 2371 906 2434 fiat
927 2372 1079 2452 opposita
1100 2372 1149 2439 eis
1171 2380 1203 2438 et
1223 2375 1272 2437 rei
1289 2376 1335 2438 vi·

261 2481 405 2555 dendao,
437 2488 469 2544 et
493 2481 629 2560 idcirco
645 2481 775 2544 videtur
804 2465 925 2546 habere
947 2481 1079 2557 lumen,
1101 2482 1179 2546 licet
1200 2502 1268 2547 non
1291 2485 1334 2547 sit

260 2591 308 2654 ibi
342 2590 479 2664 lumen,
513 2591 571 2656 sed
605 2598 738 2670 apparet
770 2589 835 2654 tale
864 2597 995 2671 propter
1023 2593 1332 2658 reverberationem.

262 2699 385 2764 Lumen
410 2701 503 2764 enim
525 2700 574 2763 rei
596 2675 725 2764 lucidae
749 2707 800 2764 est
821 2700 965 2764 multum
988 2710 1021 2766 et
1042 2703 1077 2765 in
1095 2702 1248 2783 pluribus
1262 2723 1335 2785 par·

260 2811 367 2887 tibns3
396 2810 480 2872 illud
510 2815 622 2873 autem
650 2811 738 2889 quod
766 2811 895 2874 videtur
923 2813 958 2874 in
989 2829 1076 2892 aqua
1097 2831 1240 2894 paucum
1263 2823 1333 2890 est,

257 2919 497 2998 longitudinem
519 2918 645 2984 habens
668 2926 807 2982 tentum.
830 2920 933 2983 Primi
956 2923 1055 2984 etiam
1078 2924 1220 2986 istorum
1237 2923 1330 2988 locus

259 3029 433 3108 positionis
465 3047 532 3092 non
565 3027 710 3092 mutatur
743 3047 820 3094 curn
851 3032 1035 3094 mutatione
1064 3029 1215 3096 locorum
1247 3035 1331 3114 aspi·

260 3138 418 3202 cientium
440 3138 538 3212 illud,
561 3139 620 3202 sed
642 3145 692 3202 est
714 3140 750 3202 in
770 3140 887 3223 eodem
902 3139 976 3203 loco
996 3141 1149 3204 omnihus
1171 3143 1333 3222 aspicien-

261 3248 346 3310 tibus
370 3265 446 3311 eum
470 3267 507 3312 cx
529 3229 667 3313 diversis
685 3250 844 3329 pertibus.
867 3251 1012 3314 Secundi
1026 3269 1103 3314 vero
1119 3250 1212 3315 locus
1226 3259 1332 3316 mans-

261 3358 364 3423 fertur
386 3375 462 3420 cum
487 3359 702 3423 translatione
726 3360 958 3440 aspicientium
975 3361 1069 3437 illud,
1085 3369 1207 3426 etcum
1221 3362 1333 3443 plures

260 3469 387 3532 inierint
414 3469 633 3548 aspicientes,
662 3471 891 3551 unusquisque
917 3472 1041 3536 videbit
1066 3472 1149 3536 illud
1170 3473 1206 3536 in
1229 3473 1332 3538 altere

258 3576 343 3650 loco,
366 3577 423 3642 illo
445 3577 612 3656 videlicet,
636 3598 701 3660 quc
723 3581 853 3646 videtur
870 3584 1053 3646 secundum
1076 3582 1330 3664 oppositionem.

260 3688 328 3750 Hae
355 3688 467 3768 itaque
495 3696 573 3752 sunt
602 3691 815 3770 proprietates
844 3699 979 3765 eorum,
1005 3708 1090 3770 quae
1113 3700 1272 3772 apparent
1297 3696 1334 3758 in

259 3797 310 3861 hie
339 3815 423 3876 qnae
453 3801 638 3864 secundum
666 3819 702 3864 sc
731 3801 957 3882 aspiciuntur,
988 3819 1072 3882 quae
1096 3809 1253 3884 apparent
1275 3823 1333 3885 per

258 3907 401 3972 formam
422 3909 616 3972 existentem
638 3911 672 3974 in
696 3910 773 3974 alio.
807 3911 983 3976 Diversitas
1006 3919 1117 3976 autem
1144 3913 1332 3992 superficiei

261 4033 366 4094 equae
396 4035 474 4082 cum
503 4019 604 4086 luerit
630 4023 821 4096 moderata,
856 4022 1019 4102 contingit
1041 4023 1118 4086 inde
1140 4021 1256 4088 lumen
1279 4042 1334 4104 ap·

259 4143 374 4206 parere
402 4126 540 4209 longum
569 4134 601 4192 et
630 4130 818 4206 diversum,
848 4133 1110 4215 quorumdum
1138 4132 1331 4218 superficies
