<?xml version="1.0" encoding="UTF-8"?>
<!DOCTYPE html PUBLIC "-//W3C//DTD XHTML 1.0 Transitional//EN"
    "http://www.w3.org/TR/xhtml1/DTD/xhtml1-transitional.dtd">
<html xmlns="http://www.w3.org/1999/xhtml" xml:lang="en" lang="en">
 <head>
  <title>
</title>
<meta http-equiv="Content-Type" content="text/html;charset=utf-8" />
  <meta name='ocr-system' content='tesseract 3.04.00' />
  <meta name='ocr-capabilities' content='ocr_page ocr_carea ocr_par ocr_line ocrx_word'/>
</head>
<body>
  <div class='ocr_page' id='page_1' title='image "./lotticadiclaudi01eugegoog_0207.png"; bbox 0 0 3512 5456; ppageno 0'>
   <div class='ocr_carea' id='block_1_1' title="bbox 467 587 1541 1228">
    <p class='ocr_par' dir='ltr' id='par_1_1' title="bbox 472 587 533 650">
     <span class='ocr_line' id='line_1_1' title="bbox 472 587 533 650; baseline 0 0"><span class='ocrx_word' id='word_1_1' title='bbox 472 587 533 650; x_wconf 81' lang='lat' dir='ltr'>tto</span> 
     </span>
    </p>

    <p class='ocr_par' dir='ltr' id='par_1_2' title="bbox 467 693 1541 1228">
     <span class='ocr_line' id='line_1_2' title="bbox 469 693 1541 777; baseline -0.007 -16"><span class='ocrx_word' id='word_1_2' title='bbox 469 697 526 762; x_wconf 87' lang='lat' dir='ltr'>ille</span> <span class='ocrx_word' id='word_1_3' title='bbox 547 696 648 761; x_wconf 85' lang='lat' dir='ltr'>suerit</span> <span class='ocrx_word' id='word_1_4' title='bbox 668 695 920 777; x_wconf 81' lang='lat' dir='ltr'><strong>quinquaginta,</strong></span> <span class='ocrx_word' id='word_1_5' title='bbox 945 694 1005 769; x_wconf 83' lang='lat' dir='ltr'>iste</span> <span class='ocrx_word' id='word_1_6' title='bbox 1029 695 1090 758; x_wconf 85' lang='lat' dir='ltr'>erit</span> <span class='ocrx_word' id='word_1_7' title='bbox 1110 693 1325 774; x_wconf 85' lang='lat' dir='ltr'>quadraginta</span> <span class='ocrx_word' id='word_1_8' title='bbox 1347 693 1486 764; x_wconf 85' lang='lat' dir='ltr'>duarum</span> <span class='ocrx_word' id='word_1_9' title='bbox 1510 698 1541 753; x_wconf 91' lang='lat' dir='ltr'>et</span> 
     </span>
     <span class='ocr_line' id='line_1_3' title="bbox 471 802 1540 885; baseline -0.006 -13"><span class='ocrx_word' id='word_1_10' title='bbox 471 807 625 872; x_wconf 75' lang='lat' dir='ltr'>dimidiae</span> <span class='ocrx_word' id='word_1_11' title='bbox 636 830 643 885; x_wconf 89' lang='lat'>;</span> <span class='ocrx_word' id='word_1_12' title='bbox 655 814 688 870; x_wconf 91' lang='lat' dir='ltr'>et</span> <span class='ocrx_word' id='word_1_13' title='bbox 704 805 851 871; x_wconf 85' lang='lat' dir='ltr'>rumille</span> <span class='ocrx_word' id='word_1_14' title='bbox 867 805 966 868; x_wconf 86' lang='lat' dir='ltr'>suerit</span> <span class='ocrx_word' id='word_1_15' title='bbox 981 804 1158 884; x_wconf 77' lang='lat' dir='ltr'>sexaginta,</span> <span class='ocrx_word' id='word_1_16' title='bbox 1170 804 1232 868; x_wconf 86' lang='lat' dir='ltr'>iste</span> <span class='ocrx_word' id='word_1_17' title='bbox 1249 804 1310 866; x_wconf 88' lang='lat' dir='ltr'>erit</span> <span class='ocrx_word' id='word_1_18' title='bbox 1325 802 1540 883; x_wconf 83' lang='lat' dir='ltr'>qnadraginta</span> 
     </span>
     <span class='ocr_line' id='line_1_4' title="bbox 468 906 1541 995; baseline -0.009 -13"><span class='ocrx_word' id='word_1_19' title='bbox 468 906 587 982; x_wconf 80' lang='lat' dir='ltr'>novem</span> <span class='ocrx_word' id='word_1_20' title='bbox 602 926 635 982; x_wconf 87' lang='lat' dir='ltr'>et</span> <span class='ocrx_word' id='word_1_21' title='bbox 649 916 820 995; x_wconf 86' lang='lat' dir='ltr'>dimidiee;</span> <span class='ocrx_word' id='word_1_22' title='bbox 840 923 871 978; x_wconf 90' lang='lat' dir='ltr'>et</span> <span class='ocrx_word' id='word_1_23' title='bbox 885 933 960 978; x_wconf 88' lang='lat' dir='ltr'>oum</span> <span class='ocrx_word' id='word_1_24' title='bbox 979 913 1035 978; x_wconf 88' lang='lat' dir='ltr'>ilie</span> <span class='ocrx_word' id='word_1_25' title='bbox 1051 915 1150 978; x_wconf 82' lang='lat' dir='ltr'>fuerit</span> <span class='ocrx_word' id='word_1_26' title='bbox 1165 914 1385 995; x_wconf 74' lang='lat' dir='ltr'>septuaginta,</span> <span class='ocrx_word' id='word_1_27' title='bbox 1401 914 1461 978; x_wconf 85' lang='lat' dir='ltr'>iste</span> <span class='ocrx_word' id='word_1_28' title='bbox 1479 912 1541 976; x_wconf 85' lang='lat' dir='ltr'>erit</span> 
     </span>
     <span class='ocr_line' id='line_1_5' title="bbox 467 1023 1539 1110; baseline -0.009 -16"><span class='ocrx_word' id='word_1_29' title='bbox 467 1028 705 1110; x_wconf 83' lang='lat' dir='ltr'>quinquaginta</span> <span class='ocrx_word' id='word_1_30' title='bbox 726 1045 802 1104; x_wconf 84' lang='lat' dir='ltr'>sex;</span> <span class='ocrx_word' id='word_1_31' title='bbox 832 1034 960 1090; x_wconf 86' lang='lat' dir='ltr'>etcum</span> <span class='ocrx_word' id='word_1_32' title='bbox 984 1023 1039 1090; x_wconf 89' lang='lat' dir='ltr'>iile</span> <span class='ocrx_word' id='word_1_33' title='bbox 1062 1025 1160 1091; x_wconf 84' lang='lat' dir='ltr'>inerit</span> <span class='ocrx_word' id='word_1_34' title='bbox 1182 1023 1373 1105; x_wconf 80' lang='lat' dir='ltr'>octoginta,</span> <span class='ocrx_word' id='word_1_35' title='bbox 1403 1024 1465 1088; x_wconf 89' lang='lat' dir='ltr'>erit</span> <span class='ocrx_word' id='word_1_36' title='bbox 1487 1024 1539 1088; x_wconf 89' lang='lat' dir='ltr'>hio</span> 
     </span>
     <span class='ocr_line' id='line_1_6' title="bbox 469 1138 809 1228; baseline -0.012 -26"><span class='ocrx_word' id='word_1_37' title='bbox 469 1138 636 1228; x_wconf 79' lang='lat' dir='ltr'>sexaginta</span> <span class='ocrx_word' id='word_1_38' title='bbox 657 1139 809 1202; x_wconf 85' lang='lat' dir='ltr'>duarum.</span> 
     </span>
    </p>
   </div>
   <div class='ocr_carea' id='block_1_2' title="bbox 825 1435 1395 1576">
    <p class='ocr_par' dir='ltr' id='par_1_3' title="bbox 825 1435 1395 1576">
     <span class='ocr_line' id='line_1_7' title="bbox 860 1435 1360 1497; baseline -0.006 -1"><span class='ocrx_word' id='word_1_39' title='bbox 860 1439 934 1497; x_wconf 86' lang='lat' dir='ltr'>Vlltt</span> <span class='ocrx_word' id='word_1_40' title='bbox 1279 1435 1360 1495; x_wconf 82' lang='lat' dir='ltr'>xviii</span> 
     </span>
     <span class='ocr_line' id='line_1_8' title="bbox 825 1525 1395 1576; baseline -0.004 -2"><span class='ocrx_word' id='word_1_41' title='bbox 825 1527 974 1576; x_wconf 74' lang='lat' dir='ltr'>etnmtnut</span> <span class='ocrx_word' id='word_1_42' title='bbox 1247 1525 1395 1572; x_wconf 69' lang='lat' dir='ltr'>staminas</span> 
     </span>
    </p>
   </div>
   <div class='ocr_carea' id='block_1_3' title="bbox 1220 1647 1421 1662">
    <p class='ocr_par' dir='ltr' id='par_1_4' title="bbox 1220 1647 1421 1662">
     <span class='ocr_line' id='line_1_9' title="bbox 1220 1647 1421 1662; baseline 0.01 -4"><span class='ocrx_word' id='word_1_43' title='bbox 1220 1647 1421 1662; x_wconf 56' lang='grc' dir='ltr'><strong>ψ</strong></span> 
     </span>
    </p>
   </div>
   <div class='ocr_carea' id='block_1_4' title="bbox 852 1759 1368 1821">
    <p class='ocr_par' dir='ltr' id='par_1_5' title="bbox 852 1759 1368 1821">
     <span class='ocr_line' id='line_1_10' title="bbox 852 1759 1368 1821; baseline -0.01 0"><span class='ocrx_word' id='word_1_44' title='bbox 852 1763 945 1821; x_wconf 89' lang='lat' dir='ltr'>XXVII</span> <span class='ocrx_word' id='word_1_45' title='bbox 1083 1764 1135 1818; x_wconf 85' lang='lat' dir='ltr'>xt</span> <span class='ocrx_word' id='word_1_46' title='bbox 1276 1759 1368 1817; x_wconf 92' lang='lat' dir='ltr'>XXXV</span> 
     </span>
    </p>
   </div>
   <div class='ocr_carea' id='block_1_5' title="bbox 825 2013 1394 2153">
    <p class='ocr_par' dir='ltr' id='par_1_6' title="bbox 825 2013 1394 2153">
     <span class='ocr_line' id='line_1_11' title="bbox 862 2013 1379 2109; baseline -0.008 -35"><span class='ocrx_word' id='word_1_47' title='bbox 862 2017 930 2075; x_wconf 87' lang='lat' dir='ltr'>XLII</span> <span class='ocrx_word' id='word_1_48' title='bbox 1084 2054 1135 2109; x_wconf 66' lang='lat' dir='ltr'>LX</span> <span class='ocrx_word' id='word_1_49' title='bbox 1261 2013 1379 2072; x_wconf 85' lang='lat' dir='ltr'>XLVIIII</span> 
     </span>
     <span class='ocr_line' id='line_1_12' title="bbox 825 2101 1394 2153; baseline -0.004 -2"><span class='ocrx_word' id='word_1_50' title='bbox 825 2106 848 2151; x_wconf 85' lang='lat' dir='ltr'>et</span> <span class='ocrx_word' id='word_1_51' title='bbox 863 2105 974 2153; x_wconf 73' lang='lat' dir='ltr'>dimittus</span> <span class='ocrx_word' id='word_1_52' title='bbox 1247 2102 1271 2148; x_wconf 86' lang='lat' dir='ltr'>et</span> <span class='ocrx_word' id='word_1_53' title='bbox 1286 2101 1394 2149; x_wconf 80' lang='lat' dir='ltr'>dimidius</span> 
     </span>
    </p>
   </div>
   <div class='ocr_carea' id='block_1_6' title="bbox 1057 2338 1354 2399">
    <p class='ocr_par' dir='ltr' id='par_1_7' title="bbox 1057 2338 1354 2399">
     <span class='ocr_line' id='line_1_13' title="bbox 1057 2338 1354 2399; baseline -0.017 0"><span class='ocrx_word' id='word_1_54' title='bbox 1057 2343 1159 2399; x_wconf 78' lang='lat' dir='ltr'>txxx</span> <span class='ocrx_word' id='word_1_55' title='bbox 1286 2338 1354 2395; x_wconf 87' lang='lat' dir='ltr'>LXII</span> 
     </span>
    </p>
   </div>
   <div class='ocr_carea' id='block_1_7' title="bbox 435 2677 1567 4087">
    <p class='ocr_par' dir='ltr' id='par_1_8' title="bbox 435 2677 1567 4087">
     <span class='ocr_line' id='line_1_14' title="bbox 511 2677 1539 2760; baseline 0.002 -20"><span class='ocrx_word' id='word_1_56' title='bbox 511 2677 609 2741; x_wconf 82' lang='lat' dir='ltr'>Decet</span> <span class='ocrx_word' id='word_1_57' title='bbox 639 2695 716 2757; x_wconf 88' lang='lat' dir='ltr'>orgo</span> <span class='ocrx_word' id='word_1_58' title='bbox 744 2696 805 2742; x_wconf 90' lang='lat' dir='ltr'>nos</span> <span class='ocrx_word' id='word_1_59' title='bbox 832 2679 887 2743; x_wconf 86' lang='lat' dir='ltr'>hio</span> <span class='ocrx_word' id='word_1_60' title='bbox 909 2679 1051 2760; x_wconf 85' lang='lat' dir='ltr'>primum</span> <span class='ocrx_word' id='word_1_61' title='bbox 1083 2679 1191 2742; x_wconf 86' lang='lat' dir='ltr'>dicere</span> <span class='ocrx_word' id='word_1_62' title='bbox 1219 2677 1438 2744; x_wconf 87' lang='lat' dir='ltr'>universalem</span> <span class='ocrx_word' id='word_1_63' title='bbox 1468 2697 1539 2743; x_wconf 87' lang='lat' dir='ltr'>ser-</span> 
     </span>
     <span class='ocr_line' id='line_1_15' title="bbox 470 2769 1567 2870; baseline 0 -20"><span class='ocrx_word' id='word_1_64' title='bbox 470 2806 619 2862; x_wconf 86' lang='lat' dir='ltr'>monem,</span> <span class='ocrx_word' id='word_1_65' title='bbox 643 2790 726 2854; x_wconf 87' lang='lat' dir='ltr'>siout</span> <span class='ocrx_word' id='word_1_66' title='bbox 748 2789 885 2852; x_wconf 77' lang='lat' dir='ltr'>ierimus</span> <span class='ocrx_word' id='word_1_67' title='bbox 904 2790 936 2851; x_wconf 91' lang='lat' dir='ltr'>in</span> <span class='ocrx_word' id='word_1_68' title='bbox 957 2790 1054 2862; x_wconf 85' lang='lat' dir='ltr'>rebus</span> <span class='ocrx_word' id='word_1_69' title='bbox 1076 2807 1160 2870; x_wconf 87' lang='lat' dir='ltr'>quae</span> <span class='ocrx_word' id='word_1_70' title='bbox 1177 2796 1263 2852; x_wconf 89' lang='lat' dir='ltr'>recte</span> <span class='ocrx_word' id='word_1_71' title='bbox 1278 2790 1441 2865; x_wconf 87' lang='lat' dir='ltr'>videntur,</span> <span class='ocrx_word' id='word_1_72' title='bbox 1457 2790 1541 2854; x_wconf 88' lang='lat' dir='ltr'>idest</span> <span class='ocrx_word' id='word_1_73' title='bbox 1560 2769 1567 2782; x_wconf 56' lang='lat'>⁸</span> 
     </span>
     <span class='ocr_line' id='line_1_16' title="bbox 469 2899 1539 2981; baseline -0.001 -20"><span class='ocrx_word' id='word_1_74' title='bbox 469 2899 557 2979; x_wconf 88' lang='lat' dir='ltr'>quod</span> <span class='ocrx_word' id='word_1_75' title='bbox 586 2917 638 2962; x_wconf 87' lang='lat' dir='ltr'>ros</span> <span class='ocrx_word' id='word_1_76' title='bbox 667 2917 751 2981; x_wconf 86' lang='lat' dir='ltr'>quae</span> <span class='ocrx_word' id='word_1_77' title='bbox 775 2899 929 2962; x_wconf 82' lang='lat' dir='ltr'>dicuntur</span> <span class='ocrx_word' id='word_1_78' title='bbox 950 2899 1052 2962; x_wconf 82' lang='lat' dir='ltr'>videri</span> <span class='ocrx_word' id='word_1_79' title='bbox 1077 2917 1175 2980; x_wconf 84' lang='lat' dir='ltr'>super</span> <span class='ocrx_word' id='word_1_80' title='bbox 1196 2918 1299 2962; x_wconf 90' lang='lat' dir='ltr'>unam</span> <span class='ocrx_word' id='word_1_81' title='bbox 1322 2899 1466 2974; x_wconf 88' lang='lat' dir='ltr'>lineam,</span> <span class='ocrx_word' id='word_1_82' title='bbox 1495 2901 1539 2961; x_wconf 88' lang='lat' dir='ltr'>vi-</span> 
     </span>
     <span class='ocr_line' id='line_1_17' title="bbox 469 3009 1538 3090; baseline 0.001 -19"><span class='ocrx_word' id='word_1_83' title='bbox 469 3010 589 3073; x_wconf 84' lang='lat' dir='ltr'>dentur</span> <span class='ocrx_word' id='word_1_84' title='bbox 616 3027 675 3090; x_wconf 90' lang='lat' dir='ltr'>per</span> <span class='ocrx_word' id='word_1_85' title='bbox 703 3029 806 3090; x_wconf 79' lang='lat' dir='ltr'>unum</span> <span class='ocrx_word' id='word_1_86' title='bbox 836 3016 868 3072; x_wconf 88' lang='lat' dir='ltr'>ot</span> <span class='ocrx_word' id='word_1_87' title='bbox 896 3009 1048 3072; x_wconf 88' lang='lat' dir='ltr'>eumdem</span> <span class='ocrx_word' id='word_1_88' title='bbox 1076 3010 1205 3074; x_wconf 87' lang='lat' dir='ltr'>radium</span> <span class='ocrx_word' id='word_1_89' title='bbox 1233 3011 1342 3085; x_wconf 87' lang='lat' dir='ltr'>visus,</span> <span class='ocrx_word' id='word_1_90' title='bbox 1372 3011 1461 3090; x_wconf 89' lang='lat' dir='ltr'>quod</span> <span class='ocrx_word' id='word_1_91' title='bbox 1483 3011 1538 3074; x_wconf 84' lang='lat' dir='ltr'>de·</span> 
     </span>
     <span class='ocr_line' id='line_1_18' title="bbox 468 3118 1536 3204; baseline 0.001 -21"><span class='ocrx_word' id='word_1_92' title='bbox 468 3121 584 3204; x_wconf 79' lang='lat' dir='ltr'>hernus</span> <span class='ocrx_word' id='word_1_93' title='bbox 608 3118 790 3199; x_wconf 86' lang='lat' dir='ltr'>intelligere</span> <span class='ocrx_word' id='word_1_94' title='bbox 812 3120 994 3184; x_wconf 87' lang='lat' dir='ltr'>seeundum</span> <span class='ocrx_word' id='word_1_95' title='bbox 1013 3119 1163 3182; x_wconf 86' lang='lat' dir='ltr'>aooidens</span> <span class='ocrx_word' id='word_1_96' title='bbox 1183 3128 1214 3184; x_wconf 87' lang='lat' dir='ltr'>et</span> <span class='ocrx_word' id='word_1_97' title='bbox 1232 3139 1298 3184; x_wconf 91' lang='lat' dir='ltr'>non</span> <span class='ocrx_word' id='word_1_98' title='bbox 1317 3139 1401 3184; x_wconf 87' lang='lat' dir='ltr'>vere.</span> <span class='ocrx_word' id='word_1_99' title='bbox 1424 3120 1536 3184; x_wconf 87' lang='lat' dir='ltr'>Visum</span> 
     </span>
     <span class='ocr_line' id='line_1_19' title="bbox 435 3229 1541 3313; baseline 0 -20"><span class='ocrx_word' id='word_1_100' title='bbox 435 3267 437 3278; x_wconf 92' lang='lat'>·</span> <span class='ocrx_word' id='word_1_101' title='bbox 470 3230 561 3294; x_wconf 88' lang='lat' dir='ltr'>enim</span> <span class='ocrx_word' id='word_1_102' title='bbox 587 3229 763 3310; x_wconf 86' lang='lat' dir='ltr'>prohibent</span> <span class='ocrx_word' id='word_1_103' title='bbox 789 3249 839 3294; x_wconf 87' lang='lat' dir='ltr'>res</span> <span class='ocrx_word' id='word_1_104' title='bbox 871 3231 976 3310; x_wconf 87' lang='lat' dir='ltr'>primo</span> <span class='ocrx_word' id='word_1_105' title='bbox 1001 3230 1168 3293; x_wconf 86' lang='lat' dir='ltr'>obviantes</span> <span class='ocrx_word' id='word_1_106' title='bbox 1197 3231 1227 3294; x_wconf 90' lang='lat' dir='ltr'>ei</span> <span class='ocrx_word' id='word_1_107' title='bbox 1258 3231 1416 3295; x_wconf 82' lang='lat' dir='ltr'>incidenti</span> <span class='ocrx_word' id='word_1_108' title='bbox 1443 3249 1541 3313; x_wconf 86' lang='lat' dir='ltr'>super</span> 
     </span>
     <span class='ocr_line' id='line_1_20' title="bbox 468 3341 1539 3422; baseline 0 -19"><span class='ocrx_word' id='word_1_109' title='bbox 468 3359 521 3404; x_wconf 89' lang='lat' dir='ltr'>res</span> <span class='ocrx_word' id='word_1_110' title='bbox 549 3341 597 3405; x_wconf 86' lang='lat' dir='ltr'>eis</span> <span class='ocrx_word' id='word_1_111' title='bbox 625 3341 857 3419; x_wconf 71' lang='lat' dir='ltr'>succedentes,</span> <span class='ocrx_word' id='word_1_112' title='bbox 886 3359 960 3404; x_wconf 88' lang='lat' dir='ltr'>oum</span> <span class='ocrx_word' id='word_1_113' title='bbox 991 3342 1079 3404; x_wconf 84' lang='lat' dir='ltr'>enim</span> <span class='ocrx_word' id='word_1_114' title='bbox 1107 3343 1197 3404; x_wconf 78' lang='lat' dir='ltr'>visus</span> <span class='ocrx_word' id='word_1_115' title='bbox 1226 3362 1293 3406; x_wconf 90' lang='lat' dir='ltr'>non</span> <span class='ocrx_word' id='word_1_116' title='bbox 1322 3343 1539 3422; x_wconf 83' lang='lat' dir='ltr'>penetraverit</span> 
     </span>
     <span class='ocr_line' id='line_1_21' title="bbox 469 3452 1539 3534; baseline 0.002 -20"><span class='ocrx_word' id='word_1_117' title='bbox 469 3452 593 3530; x_wconf 83' lang='lat' dir='ltr'>primas</span> <span class='ocrx_word' id='word_1_118' title='bbox 619 3469 692 3524; x_wconf 86' lang='lat' dir='ltr'>res,</span> <span class='ocrx_word' id='word_1_119' title='bbox 721 3467 773 3516; x_wconf 88' lang='lat' dir='ltr'>res</span> <span class='ocrx_word' id='word_1_120' title='bbox 802 3469 885 3531; x_wconf 86' lang='lat' dir='ltr'>quae</span> <span class='ocrx_word' id='word_1_121' title='bbox 913 3459 990 3514; x_wconf 86' lang='lat' dir='ltr'>sunt</span> <span class='ocrx_word' id='word_1_122' title='bbox 1012 3461 1098 3515; x_wconf 86' lang='lat' dir='ltr'>retro</span> <span class='ocrx_word' id='word_1_123' title='bbox 1121 3453 1266 3532; x_wconf 86' lang='lat' dir='ltr'>primas,</span> <span class='ocrx_word' id='word_1_124' title='bbox 1290 3471 1356 3516; x_wconf 89' lang='lat' dir='ltr'>non</span> <span class='ocrx_word' id='word_1_125' title='bbox 1381 3459 1539 3534; x_wconf 83' lang='lat' dir='ltr'>apparent</span> 
     </span>
     <span class='ocr_line' id='line_1_22' title="bbox 471 3561 1536 3644; baseline 0 -20"><span class='ocrx_word' id='word_1_126' title='bbox 471 3580 528 3641; x_wconf 87' lang='lat' dir='ltr'>per</span> <span class='ocrx_word' id='word_1_127' title='bbox 548 3563 657 3624; x_wconf 88' lang='lat' dir='ltr'>radi0s</span> <span class='ocrx_word' id='word_1_128' title='bbox 673 3562 863 3642; x_wconf 86' lang='lat' dir='ltr'>praedictos.</span> <span class='ocrx_word' id='word_1_129' title='bbox 881 3562 1086 3626; x_wconf 87' lang='lat' dir='ltr'>Manifestum</span> <span class='ocrx_word' id='word_1_130' title='bbox 1105 3570 1154 3626; x_wconf 88' lang='lat' dir='ltr'>est</span> <span class='ocrx_word' id='word_1_131' title='bbox 1168 3581 1244 3644; x_wconf 87' lang='lat' dir='ltr'>ergo</span> <span class='ocrx_word' id='word_1_132' title='bbox 1259 3561 1334 3626; x_wconf 89' lang='lat' dir='ltr'>illas</span> <span class='ocrx_word' id='word_1_133' title='bbox 1350 3582 1416 3626; x_wconf 91' lang='lat' dir='ltr'>non</span> <span class='ocrx_word' id='word_1_134' title='bbox 1433 3563 1536 3626; x_wconf 85' lang='lat' dir='ltr'>videri</span> 
     </span>
     <span class='ocr_line' id='line_1_23' title="bbox 466 3671 1538 3752; baseline 0.001 -17"><span class='ocrx_word' id='word_1_135' title='bbox 466 3671 654 3752; x_wconf 87' lang='lat' dir='ltr'>paralium</span> <span class='ocrx_word' id='word_1_136' title='bbox 680 3672 847 3736; x_wconf 87' lang='lat' dir='ltr'>radiorum</span> <span class='ocrx_word' id='word_1_137' title='bbox 879 3674 1143 3748; x_wconf 58' lang='lat' dir='ltr'>summentium,</span> <span class='ocrx_word' id='word_1_138' title='bbox 1173 3680 1205 3739; x_wconf 91' lang='lat' dir='ltr'>et</span> <span class='ocrx_word' id='word_1_139' title='bbox 1233 3674 1295 3738; x_wconf 91' lang='lat' dir='ltr'>erit</span> <span class='ocrx_word' id='word_1_140' title='bbox 1324 3673 1538 3738; x_wconf 85' lang='lat' dir='ltr'>manifestum</span> 
     </span>
     <span class='ocr_line' id='line_1_24' title="bbox 468 3783 1539 3864; baseline 0 -18"><span class='ocrx_word' id='word_1_141' title='bbox 468 3783 555 3864; x_wconf 87' lang='lat' dir='ltr'>quod</span> <span class='ocrx_word' id='word_1_142' title='bbox 577 3795 652 3846; x_wconf 88' lang='lat' dir='ltr'>oum</span> <span class='ocrx_word' id='word_1_143' title='bbox 674 3801 741 3845; x_wconf 90' lang='lat' dir='ltr'>non</span> <span class='ocrx_word' id='word_1_144' title='bbox 764 3785 973 3864; x_wconf 81' lang='lat' dir='ltr'>apparuerint</span> <span class='ocrx_word' id='word_1_145' title='bbox 992 3785 1051 3848; x_wconf 88' lang='lat' dir='ltr'>uni</span> <span class='ocrx_word' id='word_1_146' title='bbox 1076 3791 1107 3848; x_wconf 89' lang='lat' dir='ltr'>et</span> <span class='ocrx_word' id='word_1_147' title='bbox 1129 3785 1236 3847; x_wconf 86' lang='lat' dir='ltr'>eidem</span> <span class='ocrx_word' id='word_1_148' title='bbox 1255 3783 1361 3858; x_wconf 86' lang='lat' dir='ltr'>-visui,</span> <span class='ocrx_word' id='word_1_149' title='bbox 1384 3785 1452 3864; x_wconf 87' lang='lat' dir='ltr'>qui,</span> <span class='ocrx_word' id='word_1_150' title='bbox 1474 3783 1539 3848; x_wconf 83' lang='lat' dir='ltr'>nisi</span> 
     </span>
     <span class='ocr_line' id='line_1_25' title="bbox 470 3893 1538 3974; baseline 0.003 -19"><span class='ocrx_word' id='word_1_151' title='bbox 470 3899 571 3956; x_wconf 80' lang='lat' dir='ltr'>tectus</span> <span class='ocrx_word' id='word_1_152' title='bbox 594 3893 708 3969; x_wconf 81' lang='lat' dir='ltr'>fuerit,</span> <span class='ocrx_word' id='word_1_153' title='bbox 731 3893 819 3958; x_wconf 86' lang='lat' dir='ltr'>videt</span> <span class='ocrx_word' id='word_1_154' title='bbox 839 3894 979 3974; x_wconf 88' lang='lat' dir='ltr'>primam</span> <span class='ocrx_word' id='word_1_155' title='bbox 1001 3912 1082 3969; x_wconf 85' lang='lat' dir='ltr'>rem,</span> <span class='ocrx_word' id='word_1_156' title='bbox 1101 3895 1183 3958; x_wconf 87' lang='lat' dir='ltr'>situs</span> <span class='ocrx_word' id='word_1_157' title='bbox 1200 3910 1314 3960; x_wconf 84' lang='lat' dir='ltr'>aarum</span> <span class='ocrx_word' id='word_1_158' title='bbox 1332 3895 1374 3958; x_wconf 87' lang='lat' dir='ltr'>ad</span> <span class='ocrx_word' id='word_1_159' title='bbox 1397 3896 1538 3960; x_wconf 84' lang='lat' dir='ltr'>invitem</span> 
     </span>
     <span class='ocr_line' id='line_1_26' title="bbox 468 4005 1539 4087; baseline 0.002 -21"><span class='ocrx_word' id='word_1_160' title='bbox 468 4021 582 4071; x_wconf 86' lang='lat' dir='ltr'>rursus</span> <span class='ocrx_word' id='word_1_161' title='bbox 612 4005 673 4068; x_wconf 85' lang='lat' dir='ltr'>erit</span> <span class='ocrx_word' id='word_1_162' title='bbox 694 4012 823 4081; x_wconf 82' lang='lat' dir='ltr'>rectus;</span> <span class='ocrx_word' id='word_1_163' title='bbox 856 4023 970 4068; x_wconf 84' lang='lat' dir='ltr'>omnes</span> <span class='ocrx_word' id='word_1_164' title='bbox 999 4006 1088 4068; x_wconf 85' lang='lat' dir='ltr'>onim</span> <span class='ocrx_word' id='word_1_165' title='bbox 1115 4012 1308 4087; x_wconf 79' lang='lat' dir='ltr'>coaptantur</span> <span class='ocrx_word' id='word_1_166' title='bbox 1333 4023 1432 4087; x_wconf 85' lang='lat' dir='ltr'>super</span> <span class='ocrx_word' id='word_1_167' title='bbox 1453 4006 1539 4087; x_wconf 87' lang='lat' dir='ltr'>posi-</span> 
     </span>
    </p>
   </div>
   <div class='ocr_carea' id='block_1_8' title="bbox 471 4114 999 4206">
    <p class='ocr_par' dir='ltr' id='par_1_9' title="bbox 471 4114 999 4206">
     <span class='ocr_line' id='line_1_27' title="bbox 471 4114 999 4206; baseline -0.004 -28"><span class='ocrx_word' id='word_1_168' title='bbox 471 4115 595 4180; x_wconf 88' lang='lat' dir='ltr'>tionem</span> <span class='ocrx_word' id='word_1_169' title='bbox 618 4115 721 4197; x_wconf 86' lang='lat' dir='ltr'>ipsins</span> <span class='ocrx_word' id='word_1_170' title='bbox 743 4114 884 4206; x_wconf 82' lang='lat' dir='ltr'>visibilis</span> <span class='ocrx_word' id='word_1_171' title='bbox 906 4115 999 4180; x_wconf 88' lang='lat' dir='ltr'>radii.</span> 
     </span>
    </p>
   </div>
   <div class='ocr_carea' id='block_1_9' title="bbox 0 0 1760 5456">
    <p class='ocr_par' dir='ltr' id='par_1_10' title="bbox 0 0 1760 5456">
     <span class='ocr_line' id='line_1_28' title="bbox 0 0 1760 5456; baseline 0 3"><span class='ocrx_word' id='word_1_172' title='bbox 0 0 1760 5456; x_wconf 95' lang='lat' dir='ltr'> </span> 
     </span>
    </p>
   </div>
  </div>
 </body>
</html>
