3550 5452
460 620 502 682 52

458 728 611 792 videntur
630 730 838 803 remotiores,
860 731 1009 809 qumvis
1031 731 1156 795 luerint
1177 734 1393 814 propinquae,
1412 741 1444 798 et
1458 733 1537 800 ideo

458 839 602 920 pictores
628 839 805 902 domorum
832 840 1040 904 constituunt
1067 841 1195 906 colores
1222 861 1352 918 rerum,
1379 859 1462 923 quas
1484 861 1536 910 re·
1566 905 1570 910 .

459 956 566 1012 motas
596 948 713 1012 volunt
733 948 925 1021 ostendere,
955 966 1068 1016 aereos
1090 949 1251 1016 latentes·
1267 953 1395 1016 Rursus
1417 971 1494 1016 eum
1516 972 1536 1016 a

459 1056 541 1120 locis
572 1057 772 1122 sublimibus
803 1057 845 1120 ad
875 1057 1023 1140 aliquam
1052 1067 1181 1140 partem
1212 1063 1436 1143 aspexerimus
1466 1081 1536 1126 non

459 1167 674 1248 respicientes
696 1168 855 1243 interius,
878 1175 1032 1248 putamus
1056 1170 1146 1250 quod
1168 1177 1271 1246 terra,
1293 1189 1377 1250 quae
1399 1172 1494 1236 valde
1517 1191 1537 1235 a
1646 1253 1651 1260 1

373 1365 376 1372 ,
447 1273 555 1340 'nohis
581 1285 632 1340 est
656 1284 800 1354 remota,
827 1277 870 1340 sit
894 1278 1012 1342 subtus
1042 1296 1104 1342 nos
1127 1281 1242 1359 posita.
1270 1279 1413 1346 Fallacia
1434 1282 1536 1361 igitur

460 1386 577 1450 accidit
598 1388 634 1450 in
654 1387 737 1463 hoc,
757 1386 943 1466 quiaillud
964 1405 1026 1469 per
1050 1389 1140 1467 quod
1162 1390 1295 1454 deberet
1315 1389 1351 1452 ld
1373 1390 1536 1465 discerni,

460 1505 509 1560 est
529 1497 703 1577 longitudo
721 1497 909 1584 radiorum
930 1505 1009 1560 tune
1032 1506 1145 1562 autem
1165 1514 1283 1562 seusus
1300 1499 1418 1564 incidit
1436 1519 1537 1582 snper

458 1605 586 1681 locum,
608 1624 677 1687 quo
695 1608 768 1687 ipsa
788 1613 877 1672 terra
898 1615 966 1682 est,
987 1615 1019 1672 et
1039 1625 1108 1672 non
1131 1608 1198 1687 agit
1213 1607 1293 1684 hoc,
1310 1610 1368 1674 sed
1383 1610 1465 1689 quia
1480 1625 1534 1674 res

459 1716 611 1796 apparuit
631 1735 693 1798 per
711 1716 894 1780 visibilium
916 1717 1087 1780 radiorum
1112 1717 1316 1792 interiorem,
1335 1726 1393 1782 aut
1409 1737 1469 1800 per
1482 1737 1536 1784 ra-

461 1825 555 1888 dium
580 1825 683 1888 simili
705 1826 807 1890 ruodo
827 1824 1017 1904 obliquum,
1040 1833 1071 1890 et
1093 1845 1133 1892 ea
1155 1845 1240 1907 quae
1262 1844 1325 1907 per
1341 1827 1536 1892 huiusmodi

420 1990 427 2003 ‚
460 1935 571 1998 radios
599 1934 775 2010 videntur,
804 1935 912 1999 solent
940 1953 978 1998 er
1003 1936 1241 1999 consuetudine
1266 1955 1424 2017 apparere
1446 1939 1537 2017 quod

461 2046 528 2108 sint
552 2045 614 2120 sub
639 2045 797 2125 pedibus,
822 2053 854 2109 et
878 2063 953 2108 raro
979 2045 1099 2110 accidit
1124 2045 1211 2110 visui
1237 2065 1309 2110 esse
1336 2045 1373 2110 in
1400 2046 1536 2110 sublimi

461 2154 550 2230 loco,
573 2161 709 2237 putatur
730 2173 783 2218 res
806 2156 922 2218 subtus
945 2135 1019 2218 esse
1039 2154 1154 2235 posita.

504 2266 554 2328 Fit
582 2266 684 2328 etiam
713 2263 830 2328 eadem
857 2263 989 2327 fallacia
1019 2264 1055 2326 in
1089 2265 1318 2344 magnitudine
1351 2265 1537 2330 secundum

462 2382 642 2455 utrumque
664 2374 907 2454 praedictorum
929 2373 1119 2446 modorum,
1141 2382 1179 2437 ut
1197 2374 1316 2438 aedidit
1330 2375 1464 2456 quaudo
1479 2392 1533 2438 res

462 2483 665 2548 subtendunt
687 2481 842 2562 aequales
864 2482 1015 2562 angulos,
1038 2490 1071 2546 et
1092 2483 1216 2546 fuerint
1236 2485 1272 2546 in
1295 2483 1460 2547 distantiis
1483 2499 1537 2546 ae·

461 2592 631 2672 qualibus;
650 2591 708 2656 illa
725 2593 828 2667 enim,
842 2610 927 2671 quae
942 2581 1107 2656 minorem
1121 2592 1223 2656 hebet
1236 2591 1393 2667 colorem,
1406 2593 1537 2658 videtur

461 2703 578 2766 maior.
601 2703 636 2766 Si
658 2702 832 2766 distantiae
853 2719 930 2765 vero
953 2701 1077 2766 fuerint
1093 2702 1294 2781 inaequales,
1309 2695 1467 2770 remotim
1481 2719 1538 2783 ap-

462 2819 554 2891 paret
581 2811 688 2874 maior
716 2828 816 2890 quam
846 2811 1022 2890 apparebat
1049 2811 1085 2874 in
1115 2810 1248 2890 aequali
1277 2811 1455 2888 distantis,
1483 2829 1536 2876 se·

463 2919 612 2984 cundum
635 2921 724 3001 quod
746 2939 765 2984 a
787 2921 946 2984 distantia
967 2921 999 2984 ei
1021 2920 1194 3000 contingit.
1221 2921 1341 2985 Verum
1364 2921 1483 2986 aedidit
1504 2921 1537 2984 ei

463 3029 657 3094 huiusmodi
672 3029 812 3103 fallacia,
826 3044 930 3110 quum
944 3030 1015 3092 vice
1030 3028 1250 3094 ratiocinandi
1264 3029 1347 3092 haee
1358 3047 1422 3110 per
1431 3047 1538 3110 quan·

463 3139 589 3204 litatem
610 3139 821 3220 angulorum,
843 3141 947 3202 utitur
968 3139 1015 3202 ibi
1033 3139 1287 3202 ratiocinatione
1305 3139 1423 3219 perid,
1439 3157 1541 3219 snper

461 3251 550 3328 quod
577 3250 694 3312 incidit
722 3249 922 3314 sensibilitas
948 3250 1001 3312 de*
1016 3255 1194 3328 augmento
1217 3247 1436 3328 longitudinis
1458 3246 1538 3312 visi·

462 3359 541 3422 bilis
561 3359 666 3434 radii,
695 3377 765 3442 quo
790 3377 860 3434 res,
883 3375 1025 3436 quarum
1047 3358 1245 3438 quantitates
1269 3356 1538 3437 magnitudinum
1577 3377 1580 3384 ’

461 3476 540 3532 sunt
558 3467 727 3548 aequales,
745 3487 822 3532 eum
838 3468 1036 3548 elongantur
1052 3474 1211 3548 apparent
1224 3469 1381 3531 minores.
1397 3468 1538 3532 Necesse

461 3585 510 3642 est
536 3596 612 3658 ergo
638 3578 735 3654 hinc,
763 3585 942 3642 ut'remm
963 3594 1047 3658 quae
1070 3591 1171 3642 eausa
1195 3577 1392 3656 angulorum
1415 3577 1538 3640 debent

462 3705 535 3752 esse
557 3687 733 3768 aequales,
755 3688 833 3752 illae
857 3705 998 3768 quarum
1022 3687 1176 3750 distantia
1198 3687 1305 3752 maior
1335 3693 1403 3762 est,
1437 3705 1536 3767 appa-

460 3804 555 3859 reant
575 3797 730 3861 maiores.
753 3797 920 3876 Contingit
940 3797 1040 3859 etiam
1062 3797 1216 3860 similiter
1234 3815 1272 3860 ex
1289 3795 1535 3860 diversitatibus

461 3906 631 3985 colorum3
661 3926 714 3972 res
736 3908 827 3970 enim
850 3907 946 3970 euius
969 3905 1061 3970 color
1082 3915 1131 3972 est
1152 3907 1257 3986 magis
1280 3905 1453 3984 occultus,
1480 3923 1537 3986 ap-

462 4027 556 4097 paret
578 4018 757 4092 remotior,
780 4024 811 4079 et
834 4017 908 4082 ideo
931 4019 1041 4082 statim
1068 4017 1273 4080 existimatur
1302 4035 1375 4080 esse
1407 4008 1534 4094 maior,

462 4127 547 4190 sieut
577 4127 694 4192 accidit
723 4129 757 4189 in
787 4128 907 4202 rebus,
936 4145 1020 4207 quae
1048 4145 1121 4190 vere
1153 4127 1232 4192 tales
1262 4133 1361 4201 suut,
1383 4123 1537 4190 videlicet
1632 4157 1635 4164 ·
