3550 5452
443 573 481 635 56

484 683 659 745 Sciendum
675 691 783 744 autern
801 690 860 754 est,
877 683 964 762 quod
981 683 1016 742 in
1033 682 1189 743 omnibus
1206 682 1514 760 imaginationibus,

439 808 526 871 quae
544 793 631 853 flunt
649 808 687 854 ex
704 791 957 854 ratiocinatione
975 790 1087 852 habita
1106 792 1146 852 de
1165 807 1266 852 sensu
1282 797 1314 853 et
1328 791 1514 856 considera·

395 975 397 988 ,
441 903 532 964 tione
555 902 642 974 eius,
665 901 750 962 fiunt
771 901 806 962 iu
830 919 898 963 ona
913 911 945 962 et
959 901 1075 962 eadem
1094 918 1128 962 re
1147 883 1242 979 plura
1258 899 1300 962 de
1317 901 1513 964 *accidentiis

441 1027 525 1089 quae
543 1011 714 1088 ridentum
738 1010 796 1072 illa
811 1027 886 1072 vero
904 1027 990 1089 quae
1012 1027 1078 1070 non
1103 1009 1294 1072 iudicentur
1317 1025 1376 1089 per
1396 1027 1450 1084 se,
1473 1011 1487 1072 i
1505 1043 1516 1056 ·

380 1129 386 1136 '
439 1121 532 1182 ciunt
548 1121 584 1180 in
602 1120 655 1181 his
674 1135 758 1198 quae
777 1119 976 1192 iudicantur,
994 1119 1268 1196 imaginationem
1285 1119 1415 1191 falsam,
1432 1138 1514 1199 quof

440 1230 530 1292 ulam
548 1247 614 1292 non
629 1236 680 1290 est
690 1229 926 1304 necessarium,
936 1236 974 1290 ut
984 1228 1046 1289 iste
1059 1229 1180 1290 modus
1197 1228 1516 1309 comprehensionis,

440 1337 498 1417 qui
510 1338 557 1400 ita
567 1338 614 1411 lit,
629 1353 759 1417 semper
769 1338 829 1398 ilat
838 1337 875 1398 in
885 1337 1058 1416 speciebus
1071 1337 1231 1408 fallaciae,
1242 1355 1325 1416 quas
1334 1333 1515 1400 dividimus

439 1449 473 1507 in
492 1447 636 1526 singulis
650 1449 761 1521 rebus,
776 1449 835 1510 sed
849 1447 907 1508 liat
921 1443 997 1508 cum
1014 1446 1267 1526 comprehensio
1284 1464 1399 1508 rerum
1416 1449 1515 1510 retio-

439 1556 657 1620 cinandarum
675 1573 743 1620 nou
762 1556 862 1619 fuerit
877 1557 1067 1630 manifesta,
1086 1557 1144 1617 sed
1160 1557 1333 1620 obtinetur
1348 1575 1407 1636 per
1425 1556 1516 1618 dilie-

442 1667 565 1730 rentias
592 1681 703 1729 rerum
732 1683 800 1727 non
828 1664 1134 1728 ratiocinandorum
1160 1680 1224 1727 nec
1244 1665 1516 1728 convenientium

443 1775 502 1848 eis,
524 1775 609 1838 sicut
632 1775 751 1838 accidit
772 1775 808 1836 in
831 1775 1026 1836 differentiis
1048 1773 1223 1836 habituum
1239 1775 1417 1854 visus„per
1431 1789 1534 1854 qnos·

440 1884 607 1947 iudicatur
626 1886 666 1946 de
688 1886 754 1946 situ
777 1891 834 1946 aut
856 1891 950 1946 motu
977 1891 1036 1952 aut
1056 1860 1285 1962 magnitudine
1308 1890 1364 1946 aut
1386 1884 1518 1963 figura,

440 2009 518 2054 cum
542 1993 744 2056 sensibiliter
765 2009 824 2088 per
845 2011 881 2056 se
897 2009 971 2054 non
994 1993 1328 2071 comprehendantur,
1351 2001 1383 2056 et
1399 2011 1441 2055 ea
1456 2010 1522 2081 per·

440 2123 527 2184 quae
546 2104 713 2167 iudicatur
730 2105 770 2166 de
782 2103 955 2166 coloribus
972 2105 1120 2182 ipsarum
1139 2121 1251 2166 rerum
1269 2104 1394 2166 inerint
1407 2105 1515 2166 mani-

440 2213 585 2276 festiora.
601 2214 636 2275 Si
650 2231 727 2276 vero
741 2213 945 2276 videbuntur
959 2231 978 2274 a
993 2213 1182 2292 propinquo
1195 2211 1279 2285 loco,
1296 2219 1328 2274 et
1342 2213 1514 2306 subiectae

442 2337 496 2384 res
520 2321 698 2384 habuerint
720 2308 875 2401 aequales
897 2321 1070 2384 dicundae
1085 2327 1118 2383 et
1133 2321 1286 2400 aequalia
1307 2305 1454 2401 corpor'a',
1469 2322 1516 2382 vi·

440 2446 498 2492 sus
520 2447 589 2492 non
612 2428 789 2493 arbitratur
810 2431 900 2509 qnod
925 2427 1087 2493 lucidiora
1113 2432 1179 2492 sint
1202 2429 1440 2510 propinquiora
1462 2437 1519 2492 ont

441 2539 595 2613 minora,
611 2552 674 2602 nee
695 2540 793 2602 etiam
815 2534 909 2618 putat
930 2541 971 2601 de
992 2541 1191 2618 quibusdam
1214 2539 1323 2619 planis
1347 2556 1433 2618 qnae
1449 2539 1517 2602 sint

440 2648 634 2722 eminentia,
650 2655 683 2710 et
698 2649 737 2711 de
756 2649 952 2726 quibusdam
972 2665 1057 2728 quae
1077 2650 1145 2710 sint
1162 2664 1305 2712 concava
1323 2667 1362 2711 ex
1379 2648 1514 2712 dirersi-

441 2757 561 2819 tatibus
575 2751 734 2829 colorum,
748 2773 811 2820 nec
827 2764 918 2838 putat
932 2759 972 2820 de
989 2775 1075 2836 aqua
1089 2757 1222 2832 fluente,
1236 2774 1321 2836 qnae
1333 2769 1403 2820 non
1415 2757 1517 2820 habet

443 2861 568 2940 undas,
585 2867 676 2945 quod
695 2866 740 2928 sit
762 2866 902 2940 stabilis,
924 2885 987 2930 nec
1009 2867 1154 2929 delacio
1175 2867 1331 2946 imaginis
1354 2867 1451 2946 quod.
1465 2885 1518 2929 re-

442 2974 559 3054 spiciat
574 2993 663 3050 eum,
676 2977 871 3057 respiciente
887 2976 992 3038 illam.
1005 2976 1110 3038 Huius
1125 2975 1226 3055 igitur
1237 2983 1411 3049 causaest,
1423 2975 1516 3056 quod

440 3084 541 3158 usus,
553 3087 819 3166 perpessionem,
834 3101 918 3165 quae
934 3085 966 3148 ei
982 3092 1030 3148 est
1044 3087 1187 3165 propria,
1198 3090 1305 3164 potest
1316 3101 1516 3163 cognoscere

442 3192 648 3257 diversitates
670 3194 820 3257 colorum
843 3213 863 3256 a
883 3195 1003 3258 maiori
1031 3194 1204 3266 distantia,
1227 3194 1285 3257 sed
1312 3194 1518 3258 diversitates

442 3301 649 3382 reliquarum
671 3319 890 3380 rerumquae
912 3304 1075 3377 videntur,
1098 3304 1177 3381 quia
1199 3309 1444 3380 cognoscuntur
1458 3319 1516 3383 per

444 3412 644 3485 accidentia,
661 3409 662 3412 ’
679 3424 761 3490 quac
791 3413 937 3492 passioni
968 3411 1139 3487 accidunt,
1173 3418 1415 3490 cognoscuntur
1440 3429 1518 3474 cum

442 3523 544 3600 prope
566 3521 689 3582 scierint
712 3527 745 3582 et
766 3537 833 3582 non
856 3523 1177 3601 quomodocumque,
1197 3522 1356 3599 quoniam
1377 3522 1416 3583 in
1434 3538 1518 3584 una-

443 3643 572 3707 quaque
596 3643 711 3692 earum
732 3631 886 3692 convenit
907 3631 1071 3704 accidens,
1094 3631 1181 3709 quod
1205 3631 1242 3692 flt
1263 3631 1300 3692 in
1319 3631 1391 3694 basi
1406 3631 1517 3694 radio-

338 3758 341 3765 ·
443 3755 518 3799 rum
532 3753 609 3800 cum
623 3737 850 3817 magnitudine
865 3739 1094 3818 longitudinis,
1108 3756 1192 3818 quae
1208 3746 1257 3802 eat
1271 3740 1436 3802 distantia.
1452 3741 1518 3802 Iste

444 3853 556 3910 antem
578 3855 774 3920 conventus,
796 3863 873 3910 cum
897 3864 965 3912 non
990 3849 1089 3912 fuerit
1117 3849 1309 3912 moderatus
1336 3850 1372 3910 in
1399 3865 1517 3922 sensu,

442 3955 520 4019 facit
541 3957 874 4037 comprehensionem
896 3957 1167 4021 considerationis
1187 3959 1424 4038 imperfectam.
1441 3958 1521 4022 Sen-

442 4079 498 4127 sus
520 4080 597 4146 ergo
620 4083 695 4128 cum
719 4083 787 4128 non
809 4067 928 4146 poterit
946 4065 1056 4130 videre
1076 4067 1261 4131 subiectam
1276 4083 1347 4131 rem
1363 4085 1402 4130 eu
1417 4067 1517 4130 modo
