3550 5452
439 573 479 636 66

478 685 626 756 Rursus,
650 685 736 746 sicut
758 684 825 745 iam
848 681 1146 757 consideravimus,
1168 699 1307 747 necesse
1325 659 1395 748 iore
1418 691 1454 746 ut
1477 685 1511 748 id
1566 695 1571 708 ’

435 793 525 872 quod
546 800 596 856 est
616 811 716 874 super
738 775 837 874 caput
858 793 959 865 visus,
975 793 1191 856 terminatum
1209 792 1269 867 sit,
1285 799 1317 856 et
1332 812 1434 856 unam
1453 795 1513 858 ha-

435 903 511 966 beat
525 903 771 966 ordinationem
786 909 820 966 et
834 902 1122 976 constitutionem,
1137 902 1289 966 videlicet
1304 910 1340 966 ut
1355 904 1398 966 sit
1412 922 1514 985 super

435 1019 534 1092 eaput
553 1012 709 1094 principii
730 1011 835 1087 visus,
849 1013 896 1074 ita
910 1014 1012 1075 etiam
1028 1012 1219 1075 constitutio
1234 1019 1386 1092 aspectus
1401 1031 1513 1094 rerum

432 1122 649 1184 videndarum
662 1123 758 1186 debet
769 1139 843 1186 esse
856 1123 1041 1186 secundum
1054 1139 1156 1184 unam
1169 1129 1201 1184 et
1213 1123 1363 1186 eamdem
1373 1129 1512 1205 partem,

434 1247 520 1310 quae
541 1231 661 1296 babeat
684 1232 898 1296 terminatum
916 1232 1032 1307 situm,
1048 1232 1106 1311 qui
1124 1237 1172 1294 est
1187 1231 1272 1294 situs
1287 1231 1511 1312 speculorum,

435 1347 469 1404 et
490 1340 528 1402 fit
549 1359 649 1421 super
670 1319 986 1422 perpendicularem.
1014 1343 1068 1402 Est
1091 1341 1181 1403 enim
1207 1341 1357 1422 undique
1380 1343 1440 1402 uni
1461 1343 1512 1406 rei

435 1467 504 1512 una
526 1456 560 1513 et
581 1451 698 1514 eadem
722 1449 1015 1532 perpendicularis.
1037 1450 1124 1512 illud
1147 1457 1259 1513 autem
1277 1453 1365 1529 quod
1383 1458 1513 1530 praeter

435 1559 524 1623 hanc
552 1560 867 1640 quomodocumque
895 1560 936 1622 ab
965 1578 1005 1622 eo
1033 1557 1199 1632 declinat,
1225 1560 1363 1640 suscipit
1390 1560 1511 1624 multas

436 1670 654 1747 diversitatem
678 1676 710 1732 et
733 1669 812 1748 quia
833 1669 1028 1732 huiusmodi
1048 1686 1102 1732 res
1125 1669 1197 1732 siue
1212 1669 1282 1732 illis
1298 1685 1511 1750 nequaqnam

435 1779 635 1854 consistunt,
650 1796 704 1842 res
718 1779 833 1857 utique
849 1777 950 1842 simul
967 1779 1089 1842 debent
1102 1779 1373 1841 constitutionem
1389 1778 1512 1842 habere

435 1889 470 1950 iu
493 1887 681 1968 superficie,
703 1905 789 1969 quae
812 1888 849 1951 tit
871 1889 911 1951 de
933 1888 1027 1950 radio
1048 1888 1198 1961 refracto,
1221 1888 1380 1966 quoniam
1404 1894 1437 1950 et
1453 1905 1512 1950 eac

437 1998 612 2061 observant
631 1998 732 2065 situm
755 2005 902 2062 erectum
919 2015 1019 2078 super
1034 1997 1245 2078 speculorum
1261 1997 1455 2078 superficies
1471 1997 1513 2062 ad

436 2115 542 2172 rectos
564 2106 713 2188 angulos.
735 2109 796 2171 Hic
811 2108 901 2170 euim
914 2107 1004 2170 linea
1019 2123 1105 2186 quae
1121 2114 1196 2171 ante
1211 2108 1512 2171 reverberationem

436 2217 490 2293 fit,
511 2236 580 2279 non
604 2217 691 2280 cadit
713 2217 809 2280 aliter
831 2235 933 2296 quam
956 2217 1047 2280 linea
1069 2235 1155 2298 quae
1177 2216 1214 2277 fit
1229 2221 1310 2296 'post
1323 2217 1512 2290 reverbera-

435 2325 576 2389 tionem:
598 2325 797 2388 circulornm
819 2320 909 2388 enim
925 2326 984 2406 qui
998 2326 1248 2389 constituuntur
1265 2344 1365 2406 snper
1379 2325 1513 2406 specula

435 2436 523 2498 circa
545 2443 677 2497 centres
698 2434 751 2498 vel
774 2453 861 2510 axes,
884 2437 1049 2498 sectiones
1073 2453 1157 2516 quae
1180 2435 1267 2498 fiunt
1287 2453 1388 2514 super
1405 2435 1513 2516 capita

436 2543 635 2625 angulorum
658 2563 761 2624 penes
782 2545 1019 2608 refractionem
1040 2545 1264 2620 existentium,
1278 2551 1314 2607 ct
1332 2552 1410 2609 sunt
1427 2562 1514 2607 com·

436 2655 553 2717 munia
575 2654 764 2734 superficiei
787 2671 871 2733 quae
889 2673 948 2735 per
963 2671 1019 2718 eos
1035 2654 1169 2728 transit,
1181 2654 1421 2717 habentunam
1437 2672 1511 2734 spe-

435 2763 523 2827 ciem
544 2764 794 2826 constitutionis
816 2766 852 2825 in
875 2765 1038 2826 universis
1060 2764 1218 2828 subiectis
1236 2763 1352 2842 figuris
1367 2771 1399 2826 et
1413 2782 1513 2843 super

436 2873 649 2949 diametrum,
671 2873 827 2936 existente
850 2874 1025 2953 superficie
1047 2878 1154 2936 erecta
1176 2891 1279 2952 super
1299 2874 1524 2953 speculorum·

434 2983 627 3064 superficies
646 2984 811 3047 adrectos
827 2983 978 3064 angulos.
993 2981 1053 3046 Ille
1067 2988 1179 3046 autem
1196 2983 1292 3056 situs,
1308 2983 1366 3061 qui
1382 2981 1512 3045 diverso

434 3095 583 3158 modain
597 3095 651 3156 his
661 3095 709 3169 fit,
718 3095 916 3158 terminatus
927 3094 1047 3168 existit,
1057 3092 1117 3174 qui
1129 3073 1180 3156 est
1190 3111 1290 3174 super
1300 3093 1511 3156 diametrum.

477 3205 561 3266 Hinc
582 3221 659 3284 ergo
682 3205 723 3267 de
745 3203 835 3266 facili
854 3209 988 3284 apparet
1005 3203 1173 3284 proportio
1188 3202 1398 3282 aequalitatis
1414 3221 1513 3282 angu·
1529 3227 1537 3238 ·
1556 3247 1559 3258 .

434 3313 559 3387 lorum,
582 3331 667 3392 quae
690 3313 727 3374 fit
748 3332 786 3376 ex
799 3294 1082 3388 reverberatione,
1104 3321 1137 3376 et
1158 3312 1246 3392 quod
1265 3313 1308 3374 sit
1325 3313 1509 3374 secundum

435 3419 621 3484 naturalem
637 3440 792 3497 cursum,
809 3422 968 3502 quoniam
984 3439 1037 3484 res
1052 3440 1138 3503 quae
1154 3422 1361 3495 emittuntur,
1375 3421 1427 3482 vix
1440 3438 1513 3501 pro·

434 3529 595 3594 hibentur
607 3550 626 3594 a
637 3533 736 3594 rebus
751 3531 960 3611 tangentibus
977 3530 1053 3596 illas
1069 3537 1210 3607 tantum,
1226 3531 1284 3594 sed
1296 3530 1513 3611 prohibentur

434 3641 580 3711 multum
603 3659 622 3704 a
643 3637 742 3702 rebus
765 3640 995 3704 resistentibus
1018 3659 1120 3721 penes
1143 3641 1267 3703 lineam
1289 3640 1463 3715 motionis;
1480 3646 1512 3701 et

434 3751 509 3814 ideo
533 3767 611 3813 eum
634 3749 760 3829 aliquid
787 3750 994 3829 prohibuerit
1020 3751 1079 3812 has
1112 3769 1164 3813 res
1192 3749 1358 3812 contraria
1380 3756 1412 3811 et
1433 3751 1509 3812 lorti

434 3860 606 3934 obstantia,
629 3868 718 3934 secat
740 3861 861 3924 lincam
884 3861 1070 3942 longiorem
1089 3868 1121 3924 et
1136 3862 1326 3923 adversatur
1343 3859 1384 3934 ei,
1400 3859 1451 3920 illi
1467 3860 1511 3920 vi÷

433 3970 560 4045 delicet,
569 3989 654 4050 quae
666 3971 872 4052 protenditur
884 3973 924 4034 ad
937 3972 1147 4052 principium,¹
1162 3970 1444 4050 quemadmodum¹
1458 3987 1511 4048 pa·

434 4079 531 4144 rietes
553 4081 734 4160 probibent
748 4080 906 4162 sphaeras
924 4101 1007 4162 quae
1024 4082 1146 4144 cadunt
1161 4097 1259 4160 snper
1274 4096 1328 4142 eas
1345 4077 1385 4142 ad
1402 4085 1508 4141 rectos
