3520 5466
1267 559 1304 622 21

231 671 304 734 lum
326 670 498 734 sinistrum
520 668 716 734 videbuntur
735 669 874 752 cylindri
898 669 1016 746 dextri,
1040 676 1072 734 et
1087 685 1145 750 per
1159 669 1308 734 dexlrum

234 779 371 844 oculum
393 779 530 842 sinistri.

274 891 398 954 Rursus
420 889 449 952 si
472 887 680 970 posuerimus
711 895 719 968 l
730 888 780 969 fio.
806 888 844 966 3)
875 897 1034 970 utrosque
1063 905 1138 954 axes
1161 887 1309 970 aequidi-

231 1005 365 1075 stsntes,
389 1006 421 1062 et
442 999 712 1062 constituerimus
734 999 892 1080 regulam,
914 1005 952 1063 ut
966 999 1010 1063 sit
1026 997 1251 1080 aequidistans
1267 981 1313 1063 Ιί-Ι

232 1127 315 1174 neae
328 1127 413 1192 quae
426 1115 475 1174 cst
484 1109 570 1172 iuter
582 1107 707 1185 oculos,
720 1117 753 1173 et
764 1109 950 1192 cylindrum
964 1109 1076 1174 album
1088 1115 1163 1174 aute
1175 1106 1311 1174 oculum

230 1205 407 1284 sinistrum
425 1225 458 1284 et
474 1218 607 1298 nigrum
622 1226 696 1282 ante
712 1220 873 1296 dextrum,
889 1226 921 1284 et
939 1218 1037 1283 luerit
1052 1217 1208 1284 distantia
1223 1219 1310 1284 inter

236 1335 392 1410 utrosque
416 1329 599 1411 cylindros,
621 1336 658 1392 ut
679 1328 739 1394 illa
761 1347 846 1412 quse
869 1336 919 1394 est
940 1330 1026 1395 inter
1050 1328 1187 1407 oculos,
1217 1329 1310 1396 vide·

181 1513 191 1534 ·
232 1440 360 1503 huntur
382 1439 447 1504 duo
470 1439 612 1521 cylindri
633 1445 711 1504 tres.
733 1440 793 1504 Per
810 1440 921 1506 rodios
936 1441 1072 1522 quidem
1086 1440 1178 1506 visus
1196 1419 1311 1506 ordino

233 1548 441 1626 consimiles,
462 1547 629 1614 ridebitur
643 1551 875 1632 unusquisque
891 1567 1007 1616 sorum
1029 1569 1138 1629 unus,
1160 1541 1311 1634 qua'mvis

229 1676 297 1722 uon
319 1659 467 1725 incident
489 1678 588 1742 super
605 1678 662 1726 ecs
677 1649 808 1743 utrique
825 1679 911 1738 sues,
929 1679 969 1726 eo
985 1661 1075 1743 quod
1089 1659 1234 1744 cylindri
1248 1678 1308 1744 po-

237 1770 291 1834 siti
312 1777 391 1834 sunt
412 1771 448 1834 ln
470 1770 639 1836 lateribus.
661 1772 723 1836 Per
742 1770 853 1836 radios
874 1788 964 1848 vcro,
985 1771 1043 1853 qui
1058 1779 1147 1838 extre
1161 1773 1313 1838 ordinem

236 1888 331 1956 sunt,
350 1880 505 1945 videlicet
525 1900 588 1946 cm
610 1887 643 1945 et
665 1881 719 1958 bl,
741 1881 857 1946 lortius
878 1881 1107 1963 cylindrorum
1124 1882 1254 1947 medius
1267 1879 1313 1948 ¹vl·

237 1989 367 2056 debitur
382 1990 583 2074 compositus
600 2009 638 2056 ex
653 1990 782 2058 duobus
801 1991 976 2056 coloribus.
993 1993 1027 2056 Si
1043 2009 1118 2072 ergo
1136 1993 1313 2058 texerimus

237 2101 385 2165 dextrum
408 2100 559 2177 oculum,
581 2100 803 2166 abscondetur
818 2083 927 2166 ociter
941 2101 981 2166 de
997 2102 1127 2167 duobus
1142 2101 1311 2185 cylindris,

236 2194 395 2291 quisunt
416 2209 606 2276 siclericus
621 2210 740 2287 medii,
755 2210 909 2276 videlicet
922 2210 1017 2292 niger
1034 2229 1111 2277 cum
1133 2210 1208 2277 albe
1222 2220 1313 2296 purte

238 2319 340 2384 medii
362 2319 503 2402 cylindri
526 2337 564 2384 ex
585 2321 715 2386 duobus
737 2320 903 2385 coloribus
917 2321 1108 2404 compositu
1132 2328 1165 2388 et
1186 2321 1214 2386 si
1230 2327 1314 2387 texe·

239 2431 344 2494 rimus
366 2430 539 2494 sinistrum
561 2431 716 2506 oculum,
738 2429 906 2512 cylindrus
928 2431 1034 2508 albus,
1057 2431 1115 2514 qui
1136 2431 1314 2498 asinistris

239 2548 302 2618 est,
324 2541 545 2606 abscondetur
566 2557 643 2606 cum
664 2541 871 2625 nigroponte
892 2539 1034 2624 cylindri
1057 2559 1095 2608 er
1116 2542 1248 2608 duobus
1263 2559 1314 2607 cc·

238 2646 364 2716 loribus
387 2649 574 2734 compositi.

283 2750 363 2826 dum
378 2761 468 2826 enim
484 2743 748 2844 conulavcrimus
763 2761 874 2826 radios
888 2760 989 2838 visus,
1003 2780 1061 2844 por
1076 2761 1154 2826 illos
1165 2761 1313 2844 quidem,

239 2889 338 2953 super
357 2889 442 2954 quos
464 2878 543 2936 sunt
563 2889 637 2947 cm,
661 2871 714 2946 ti,
738 2877 770 2936 et
791 2890 860 2936 non
882 2879 962 2936 suni
982 2873 1102 2967 ordine¹
1113 2871 1314 2949 consimiles,

238 2982 434 3046 videbuntur
454 2982 587 3064 utrique
605 2979 747 3064 cylindri
761 2981 797 3044 in
814 2999 883 3046 uno
898 2981 982 3058 loco,
997 2980 1054 3045 illo
1070 2980 1232 3060 videlicet,
1248 2999 1315 3062 quo

240 3093 442 3156 conveniunt
463 3093 530 3156 duo
551 3089 695 3171 colores;
717 3091 758 3156 de
779 3089 917 3172 reliquis
940 3097 1053 3156 eutem
1069 3091 1201 3154 duobus
1213 3090 1315 3154 rsdiis

239 3201 326 3264 visus
348 3201 542 3266 cadentibus
563 3203 688 3283 superi
704 3207 737 3264 et
750 3219 792 3278 m,
811 3219 868 3283 per
886 3201 1035 3266 dextrum
1050 3201 1185 3282 quidem
1200 3217 1315 3265 sorum

240 3312 404 3376 videbitur
421 3311 515 3394 niger
532 3311 710 3393 cylindrus,
724 3329 782 3394 per
797 3311 970 3392 sinistrum
986 3317 1097 3376 autem
1112 3310 1221 3376 elisus.
1234 3310 1316 3374 dum

239 3421 339 3502 igitur
361 3421 538 3486 texerimus
561 3421 710 3486 dextrum
731 3421 878 3498 oculum,
901 3420 1122 3486 abscondetur
1136 3422 1241 3502 niger,
1256 3419 1315 3502 qul

240 3533 350 3597 dexter
369 3539 429 3610 est,
451 3549 530 3598 cum
552 3531 628 3596 alba
647 3538 738 3614 perte
760 3530 902 3614 cylindri
924 3531 1113 3614 compositi3
1131 3537 1164 3596 et
1178 3547 1256 3594 cum
1272 3535 1316 3594 te·

239 3643 386 3708 serimus
408 3642 543 3708 oculum
557 3642 739 3719 sinistrum,
755 3641 975 3706 ehscondetur
988 3640 1096 3719 ulnus,
1111 3641 1169 3724 qui
1182 3641 1317 3708 sinister

243 3763 313 3829 cst,
342 3759 420 3818 cu'm
450 3753 545 3834 nigre
574 3759 667 3835 perte
687 3750 830 3834 cylindri
852 3753 1047 3834 compositi,
1074 3751 1163 3832 quod
1185 3751 1318 3816 demon·

241 3869 361 3928 stratur
381 3882 441 3946 per
461 3863 547 3928 hanc
569 3862 711 3946 ligurem
735 3862 798 3944 (ᾖς.
823 3865 870 3940 il.

282 3977 319 4038 dc
340 3991 417 4038 curn
440 3974 612 4051 distentia,
635 3991 721 4055 quae
744 3979 793 4037 est
814 3971 902 4036 inter
923 3971 1106 4055 cylindros,
1128 3989 1197 4035 non
1218 3970 1317 4034 luerit

242 4082 390 4167 cucumis
419 4083 469 4149 illi
494 4102 583 4166 ques
610 4090 661 4150 est
684 4083 771 4154 inter
793 4073 930 4158 oculos,
949 4082 1152 4147 videbuntur
1173 4079 1241 4146 duo
1260 4095 1316 4164 cy-
