3512 5456
419 591 479 656 tta

417 707 575 785 punnnmr
596 723 646 779 me
667 704 775 768 lineae
799 705 887 767 enirn
907 720 994 784 quae
1011 705 1194 785 procedunt
1208 721 1227 765 a
1241 710 1407 784 punetoen
1422 711 1454 768 et
1469 723 1488 768 a

404 819 539 894 'puneto
563 815 595 888 t,
625 821 797 878 transeunt
828 831 1015 894 perunum
1045 821 1079 876 et
1106 815 1247 878 eundern
1270 823 1428 895 punctum
1450 815 1484 876 in

419 921 508 988 linea
528 943 581 1004 up,
602 930 639 988 ut
655 924 688 987 iu
706 927 716 986 l
735 931 767 987 et
780 924 815 986 in
830 943 861 998 r,
877 943 914 986 ex
932 925 1051 1004 quibus
1070 923 1182 1004 anguli
1196 927 1264 987 mrl
1282 931 1312 987 et
1327 926 1385 987 ltrl
1404 925 1487 988 fiunt

418 1034 585 1118 aequales,
609 1053 684 1099 eum
707 1034 844 1097 sintenl
866 1041 898 1098 et
918 1035 952 1096 kl
966 1035 1143 1115 aequales,
1163 1042 1195 1098 et
1209 1035 1320 1116 anguli
1336 1036 1392 1116 qui
1410 1044 1487 1099 sunt

418 1159 518 1226 penes
531 1148 541 1208 l
555 1144 646 1219 renti,
659 1152 691 1208 et
701 1161 777 1208 eum
787 1145 911 1208 luerint
923 1145 1098 1209 fractiones
1108 1151 1146 1208 ut
1156 1145 1248 1220 istae,
1261 1152 1294 1208 et
1305 1152 1487 1226 sequuntur

417 1273 473 1320 eas
487 1254 597 1338 plures
614 1257 654 1318 de
672 1255 969 1336 magnitudinibus,
985 1275 1068 1337 quae
1084 1262 1162 1318 sunt
1178 1256 1213 1318 in
1228 1254 1292 1318 isto
1307 1255 1391 1332 loeo;
1413 1255 1487 1320 euin

417 1383 469 1430 res
487 1371 611 1440 autem,
626 1383 710 1446 quae
725 1374 816 1452 retro,
827 1367 933 1430 visum
949 1372 1036 1440 sunt,
1054 1383 1263 1447 nequaquam
1279 1367 1489 1448 apparuerint

418 1475 594 1566 dissimiles
616 1482 754 1540 naturae
775 1476 1014 1550 sensibilitatis,
1036 1478 1185 1558 quamvis
1208 1475 1349 1540 existens
1370 1477 1498 1547 fractis¹

417 1605 486 1650 non
508 1585 762 1650 eenservatbos
785 1587 921 1667 angulos
944 1587 1113 1668 aequales,
1139 1589 1198 1651 sed
1220 1587 1286 1649 sint
1307 1590 1487 1650 seeundum

418 1695 647 1778 aequalitatem
671 1697 783 1777 anguli
804 1700 872 1760 abd
893 1699 934 1761 ad
957 1698 1113 1778 angulum
1128 1700 1216 1771 dile,
1239 1699 1349 1760 statim
1370 1699 1486 1778 utique

415 1814 553 1890 apparet
569 1808 706 1872 mutatio
729 1795 805 1871 cunr
826 1813 1025 1890 unaquaque
1042 1827 1080 1871 ex
1092 1811 1135 1872 dt
1152 1816 1183 1872 et
1198 1809 1258 1883 ab,
1281 1825 1348 1870 nnn
1372 1809 1487 1871 retrin-

418 1924 512 1999 gatur
532 1917 624 1981 valde
642 1917 698 1992 ita,
716 1919 804 1998 quod
817 1919 940 1981 dividat
957 1917 1115 1998 angulum
1130 1919 1250 1981 addin
1266 1919 1346 1981 duas
1363 1919 1485 1982 medie·

418 2035 515 2102 tates,
539 2034 571 2092 et
591 2029 773 2109 disponunt
793 2029 853 2091 has
869 2029 1026 2108 proclives
1047 2030 1350 2109 positionesrertas
1370 2036 1402 2091 et
1418 2047 1485 2092 nen

419 2139 536 2206 tractas
561 2147 662 2220 prbpe
692 2145 842 2202 eraclam.
871 2139 1029 2202 Similiter
1060 2139 1159 2202 etiarn
1186 2139 1273 2220 qued
1295 2140 1490 2204 arbitremur

418 2249 507 2330 quod
529 2249 681 2312 emnium
701 2248 882 2312 visibilium
900 2249 1068 2313 radiorum
1083 2251 1239 2312 transitus
1253 2249 1299 2310 *flt
1315 2250 1349 2310 in
1365 2255 1486 2330 puncto

382 2381 384 2387 ⁸
418 2358 781 2424 sraelienissecuudum
799 2359 1112 2441 perpendicularem,
1124 2367 1161 2422 ut
1175 2361 1218 2424 dd
1234 2360 1330 2435 ebbe,
1348 2365 1379 2422 et
1391 2360 1485 2440 quis-¹

408 2470 497 2550 quid
513 2470 665 2534 seniderit
681 2489 778 2550 super
792 2477 949 2551 punctum
962 2471 1071 2533 deum
1085 2471 1273 2534 diversitate
1289 2469 1484 2549 angulorum

417 2581 450 2644 in
473 2579 682 2662 aequalitate,
705 2587 818 2643 rursus
840 2579 955 2643 leviter
976 2580 1249 2644 invenietur'sine
1267 2579 1486 2662 proportioni-

417 2689 648 2768 buspanoidet
667 2690 759 2753 'enim
782 2691 891 2754 redies
915 2695 1040 2754 erentes
1069 2693 1101 2754 e‘t
1123 2690 1282 2765 declivae,
1305 2691 1486 2771 quemodo-

417 2819 557 2882 cumque
579 2801 753 2874 deelivent,
776 2817 968 2864 conservare
990 2819 1095 2865 unum
1119 2809 1151 2866 et
1173 2803 1315 2865 eundem
1334 2801 1435 2864 situm
1452 2802 1485 2863 in

418 2913 611 3006 flexionibus
628 2917 646 2976 a
662 2914 833 2994 superfleie
854 2913 1059 2994 prohibente.
1081 2915 1164 2977 Lora
1185 2913 1291 2976 eti'am'
1309 2914 1486 2975 leimarum

419 3041 549 3106 semper
560 3031 681 3087 ‘essent
692 3043 801 3106 super
816 3024 1155 3105 unam'superdeiem,
1171 3025 1207 3085 in
1222 3042 1287 3104 qua
1301 3009 1486 3086 necessario

418 3134 598 3215 iunguntur
625 3135 913 3216 perpendiculares
943 3136 1094 3198 cadentes
1117 3153 1137 3196 a
1157 3135 1256 3196 rebus
1273 3134 1439 3197 'videndis‘
1456 3135 1488 3196 et

416 3244 537 3311 visibili
554 3245 652 3308 *redis
673 3245 845 3308 insidens
858 3263 957 3327 super
978 3263 1051 3320 eas;
1074 3244 1352 3324 sieutille'e'quae
1375 3259 1487 3324 proee-

417 3355 500 3420 dunt
520 3355 563 3418 ab
582 3355 638 3428 rb,
659 3361 706 3416 ati
717 3373 816 3436 super
838 3357 865 3417 d,

434 3475 448 3512 ²³
461 3465 551 3540 Quod
568 3465 895 3546 quidemzaequa'litas
911 3465 1106 3546 angulorum
1120 3465 1154 3526 in
1173 3466 1276 3529 tribus
1290 3463 1485 3528 ilelrinnibus

339 3617 340 3620 =
417 3576 602 3650 neeessarie
627 3593 692 3639 non
712 3577 835 3639 'debeat
855 3576 942 3649 fleri,
959 3577 1029 3638 iam
1052 3576 1312 3638 demonstratum
1336 3582 1393 3638 est.
1407 3597 1424 3615 ·¹

457 3686 549 3760 Orsdd
571 3692 681 3749 eutem
704 3687 830 3767 speeies
853 3687 1155 3766 augmentationurn
1174 3685 1485 3767 eomprehensarum

417 3815 484 3860 non
505 3797 690 3878 suseipiunt
704 3796 849 3877 aliquam
865 3798 904 3860 de
922 3795 1057 3878 prolatis
1073 3796 1312 3871 controversiis,
1324 3795 1485 3878 *possibile

418 3913 467 3970 est
489 3906 636 3987 dignosei
658 3925 717 3987 per
737 3908 903 3988 praedicta
920 3914 952 3970 et
967 3926 1023 3989 per
1039 3927 1078 3971 ea
1093 3925 1176 3988 quae
1192 3912 1265 3986 post
1281 3907 1485 3981 disserimus3

416 4026 448 4081 et
469 4017 744 4098 neprolengetur
765 4035 889 4092 sermo,
913 4037 988 4080 eum
1013 4019 1078 4080 iam
1101 4025 1284 4099 praetaxata
1305 4019 1485 4090 babeamus

417 4127 585 4212 prineipia·
601 4128 793 4204 llerionum',
815 4145 901 4211 quaa
924 4129 1106 4194 debuerant
1122 4129 1296 4214 praeponi,
1312 4129 1409 4192 deest
1423 4144 1486 4193 uns
