3550 5452
447 579 488 642 80

445 687 662 768 simplicibus,
686 685 801 766 utique
825 689 858 748 et
878 682 946 746 illis
969 701 1054 764 quae
1077 683 1289 748 videnturin
1312 685 1428 766 figuris
1451 705 1527 766 spe·¹

344 877 347 884 ⁴
446 797 621 872 culorum,
653 794 776 876 quibus
803 793 891 857 nihil
916 794 1014 882 ,aliud
1042 795 1276 858 commiscetur
1304 794 1339 857 in
1369 796 1526 860 omnibus

447 908 545 971 rebus
566 905 730 970 videndis.
754 907 932 986 Postquam
954 905 1046 985 prius
1067 903 1172 974 locuti
1192 905 1357 982 fuerimus
1378 907 1420 970 de
1440 906 1526 970 colc-

446 1017 551 1092 ribus,
573 1015 722 1080 dicemus
746 1033 823 1098 ergo
841 1015 888 1078 de
911 1017 959 1078 eis
982 1031 1170 1078 sermonem
1193 1031 1424 1092 communem,
1440 1017 1525 1080 vide

448 1127 527 1190 licet
549 1126 640 1208 quod
664 1125 703 1186 fit
723 1125 824 1188 etiam
846 1123 883 1185 in
906 1124 976 1200 bis,
998 1141 1083 1204 quae
1105 1131 1266 1206 apparent
1282 1124 1454 1188 deformis
1472 1145 1528 1190 eo

446 1254 520 1300 rum
542 1236 706 1315 quaedam
729 1234 915 1309 diversitas,
938 1251 1015 1296 cum
1036 1233 1154 1296 metita
1171 1232 1272 1296 fuerit
1285 1251 1362 1296 eum
1379 1253 1421 1298 eo
1434 1237 1526 1314 quod

448 1352 583 1426 apparet
604 1345 739 1422 directe3
763 1343 861 1406 cuius
884 1359 985 1406 causa
1007 1347 1056 1406 est
1078 1341 1230 1406 debilitas
1252 1360 1339 1422 quae
1354 1345 1474 1406 accidit
1487 1364 1527 1408 ex

449 1453 733 1528 reverberatione,
756 1460 788 1516 et
808 1452 877 1516 iam
901 1453 1062 1527 diximus,
1085 1452 1176 1532 quod
1197 1452 1260 1516 hac
1282 1453 1322 1516 de
1343 1470 1444 1516 causa
1466 1453 1526 1518 de·

448 1563 563 1626 biliori
590 1569 724 1644 aspectu
752 1581 806 1628 res
829 1569 1007 1642 apparent,
1029 1566 1062 1624 et
1087 1567 1223 1641 apparet
1245 1563 1345 1624 etiam
1373 1563 1409 1623 in
1435 1561 1527 1626 colo-

448 1649 540 1737 ribus
564 1692 679 1736 earum
694 1671 867 1736 diversitas
891 1689 930 1734 ex
951 1670 1118 1734 coloribus
1134 1670 1358 1752 speculorum.
1372 1671 1531 1736 visibiles

449 1783 539 1846 enim
560 1783 645 1846 radii
667 1783 822 1846 deferunt
843 1799 957 1844 secum
981 1780 1111 1862 aliquid
1133 1781 1175 1844 ab
1194 1781 1276 1862 ipsis
1292 1779 1462 1844 coloribus
1485 1782 1528 1844 ad

445 1911 499 1956 res
521 1892 708 1972 subiectas3
729 1869 961 1956 cerumtamen
987 1889 1183 1954 huiusmodi
1204 1891 1424 1970 persomtatio
1452 1909 1523 1968 non

449 2003 548 2066 debet
570 2000 702 2064 attribui
726 1999 894 2080 speculis;
917 2001 1007 2080 quod
1029 2001 1120 2064 enim
1139 2001 1258 2064 accidit
1280 2018 1319 2063 er
1338 2001 1527 2068 reverbera-

447 2111 560 2186 tione,
592 2118 643 2174 est
670 2128 847 2174 commuue
876 2110 958 2190 quid
986 2110 1143 2172 omnibus
1170 2109 1270 2172 rebus
1292 2109 1526 2188 obstantibus;
1623 2107 1630 2122 '

447 2221 537 2300 quod
558 2225 671 2284 autem
693 2220 814 2283 accidit
835 2237 875 2282 ex
896 2218 1006 2310 colore
1031 2218 1176 2300 speculi,
1199 2226 1249 2282 est
1270 2235 1452 2282 commune
1471 2219 1528 2282 his

449 2338 482 2393 et
506 2329 590 2408 illis,
621 2347 706 2410 quae
728 2329 885 2392 videntur
907 2329 979 2391 sine
1002 2329 1164 2394 fractione
1185 2327 1288 2402 radii,
1310 2327 1470 2408 quoniam
1491 2328 1527 2391 id

450 2421 538 2518 quod
560 2439 601 2502 de
624 2436 791 2500 coloribus
805 2437 945 2513 videtur,
964 2455 1096 2518 semper
1109 2437 1250 2500 mixtum
1271 2443 1321 2500 est
1341 2439 1528 2500 secundum

451 2547 599 2628 aliquam
623 2547 879 2628 proportionem.
909 2546 1069 2610 Similiter
1090 2548 1191 2610 etiam
1219 2547 1255 2608 iu
1276 2545 1446 2610 coloribus
1467 2547 1527 2627 qui

451 2663 531 2720 sunt
553 2657 589 2718 in
612 2674 704 2732 aare,
721 2664 754 2720 et
774 2656 832 2735 qui
850 2657 936 2718 fiunt
958 2673 997 2718 ex
1018 2656 1119 2719 rebus
1143 2675 1227 2737 quas
1247 2657 1339 2719 deus
1360 2662 1530 2736 penetrat,

448 2767 486 2828 flt
505 2753 623 2828 rursus
645 2763 735 2828 visui
756 2765 925 2829 sensibilis
947 2764 1098 2829 colorum
1119 2765 1298 2846 susceptio.
1327 2765 1455 2828 Similis
1476 2774 1530 2830 est

448 2875 547 2938 etiam
570 2875 705 2938 habitus
727 2891 840 2938 rerum
863 2893 948 2956 quae
970 2875 1300 2956 comprehenduntur
1313 2893 1374 2956 per
1387 2893 1427 2938 ea
1441 2892 1528 2956 quae

450 2982 540 3048 visus
567 2991 727 3066 penetrat.

490 3095 537 3158 De
566 3096 666 3159 rebus
694 3095 795 3175 igitur
824 3111 905 3174 quas
933 3096 1162 3160 demonstrare
1190 3093 1368 3170 volumus,
1397 3094 1525 3158 consti-

448 3213 580 3268 tuamus
603 3205 902 3268 demonstrationes
919 3222 979 3286 per
992 3204 1112 3280 lineas,
1127 3223 1196 3268 nou
1210 3204 1326 3282 utique
1342 3205 1526 3267 secundum

448 3315 596 3394 species,
626 3331 710 3395 quae
739 3315 878 3377 suntin
909 3315 1065 3378 omuibus
1095 3313 1377 3394 propositionibus
1402 3313 1528 3394 princi·
1596 3313 1605 3335 '

447 3425 579 3506 piorum
608 3424 648 3487 de
678 3425 819 3488 scientia
845 3424 1078 3505 speculorum,
1108 3441 1185 3486 cum
1212 3425 1280 3487 sint
1303 3423 1471 3499 diversae,
1494 3430 1527 3488 et
1589 3440 1593 3448 ’

447 3531 620 3612 indigeant
641 3533 779 3612 speciali
793 3533 891 3609 libro,
907 3535 966 3596 sed
982 3533 1167 3598 secundum
1188 3549 1285 3613 posse
1303 3537 1467 3608 nostrum,
1490 3541 1529 3595 ut

448 3650 584 3723 pateant
611 3643 737 3706 formae
764 3644 916 3706 omnium
938 3661 1050 3706 rerum
1072 3660 1157 3724 quae
1178 3643 1335 3706 videntur
1356 3648 1413 3704 aut
1434 3650 1524 3706 recte

450 3759 506 3814 aut
532 3753 633 3816 aliter.
667 3753 800 3834 Oportet
828 3759 939 3816 autem
967 3754 1002 3815 in
1029 3754 1192 3817 memoria
1218 3753 1360 3816 relinere
1387 3752 1422 3812 iu
1445 3752 1525 3814 uni-

449 3862 553 3926 versis
576 3879 660 3942 quae
680 3863 988 3938 demonstravimus,
1003 3863 1037 3925 id
1056 3863 1146 3942 quod
1160 3878 1250 3924 nuno
1265 3861 1385 3924 dicturi
1399 3877 1524 3936 sumus,

450 3989 493 4034 ne
515 3963 722 4052 indigeamus
745 3971 804 4034 illa
823 3990 920 4053 saepe
936 3971 1105 4047 reiterare,
1120 3969 1276 4034 videlicet
1289 3987 1366 4032 oum
1382 3969 1525 4034 dicimus

449 4080 574 4156 visum,
591 4080 845 4162 intelligendum
869 4089 920 4146 est
940 4081 1038 4164 caput
1060 4080 1246 4162 pyramidis·
1263 4080 1432 4146 radiorum
1455 4080 1527 4160 qui⁴
