3550 5452
424 585 463 649 26
503 609 511 622 ·

421 695 561 770 brevior,
582 695 768 774 longiorem
790 681 879 770 reru,
902 711 979 756 ounr
1001 695 1090 756 idem
1112 693 1225 756 radius
1240 692 1497 772 iusritlongior.

421 805 607 868 Praedictae
625 811 736 868 autem
754 805 839 866 duae
859 804 996 885 species,
1012 821 1071 884 per
1086 821 1169 882 quas
1183 804 1413 866 consideratur
1425 819 1496 866 ma·

354 906 355 915 ’
423 915 560 996 gnitudo
583 923 733 996 aspectus
756 931 887 990 rerum,
911 931 980 977 non
1003 913 1161 978 differunt
1178 915 1213 975 in
1229 932 1345 991 sensu3
1368 913 1498 992 reliqua

422 1043 499 1090 vero
522 1027 647 1102 differt,
670 1027 830 1108 quoniam
853 1026 882 1088 si
903 1025 1004 1088 fuerit
1019 1025 1191 1089 diversitas
1214 1043 1233 1088 a
1254 1026 1351 1088 tertia
1372 1025 1497 1106 speeie,
1540 1071 1544 1077 -

331 1115 340 1132 ’
422 1136 575 1201 videlicet
597 1138 637 1200 ab
659 1137 806 1216 angulis,
830 1137 998 1218 apparebit
1015 1153 1069 1200 res
1084 1137 1202 1210 maior,
1225 1155 1301 1199 oum
1325 1136 1499 1199 eontinens

423 1246 565 1326 angulus
588 1248 688 1310 fuerit
709 1247 825 1310 maior.
1283 1319 1285 1323 ¹

465 1359 751 1431 Quemadmodum
774 1358 802 1420 si
825 1359 950 1421 fuerint
971 1357 1056 1421 duae
1086 1357 1352 1436 magnitudines,
1374 1362 1413 1419 ut
1433 1357 1498 1431 ab,

421 1471 468 1548 qd
488 1469 557 1548 (dp.
582 1468 641 1546 d),
664 1475 695 1531 et
717 1469 894 1531 habuerint
917 1471 1072 1532 eumdem
1095 1469 1197 1531 situm
1220 1474 1253 1532 et
1273 1467 1424 1531 eamdem
1447 1465 1498 1529 di-

423 1580 589 1653 stantiam,
613 1586 644 1642 et
665 1579 926 1643 continebuntur
948 1578 1079 1658 anguiis
1095 1579 1343 1659 inaequalibus;
1361 1585 1441 1640 tuno
1456 1579 1499 1640 ob

425 1689 482 1770 qui
512 1690 700 1752 continetur
726 1690 845 1754 maiori
867 1689 1008 1770 angulo,
1032 1691 1073 1753 ad
1094 1695 1256 1771 punctum
1278 1711 1313 1764 e,
1335 1689 1501 1752 videbitur

422 1800 543 1873 maior,
567 1806 599 1861 et
619 1802 648 1862 si
670 1801 771 1862 fuerit
792 1787 960 1863 diversitas
976 1803 1012 1862 in
1027 1801 1166 1880 reliquis
1180 1798 1497 1880 duabus-speoiebus

424 1917 575 1985 tantum,
607 1927 792 1990 numquam
822 1930 874 1974 res
900 1911 1066 1974 videbitur
1098 1912 1222 1985 maior,
1249 1913 1316 1974 sive
1347 1901 1501 1974 babuerit

422 2022 583 2084 maiorem
607 2021 864 2102 oppositionem,
887 2023 955 2084 site
978 2021 1078 2084 fuerit
1098 2021 1325 2102 propinquior.

463 2132 631 2196 Videbitur
653 2150 729 2212 ergo
754 2137 810 2195 aut
824 2133 934 2195 minor
952 2139 1009 2196 aut
1023 2133 1182 2212 aequalis,
1199 2139 1232 2210 et
1247 2132 1282 2194 in
1298 2148 1499 2210 unaquaque

345 2225 347 2229 ’
425 2260 539 2306 earum
562 2243 626 2306 hoo
649 2244 817 2323 apparebit
839 2244 1025 2307 seeundum
1048 2245 1306 2325 proportionem,
1322 2261 1407 2323 quae
1422 2261 1500 2324 per·

424 2354 507 2414 tinet
528 2354 609 2433 ipsis
628 2354 885 2433 quantitatibus,
900 2354 1005 2417 veluti
1020 2355 1049 2417 si
1064 2355 1186 2418 inerint
1202 2355 1286 2418 duae
1300 2354 1498 2432 quantitates
1565 2366 1572 2380 ‘

424 2463 477 2537 ob,
498 2465 544 2540 qd
568 2463 628 2542 (dp.
653 2465 683 2538 7)
699 2514 705 2538 ,
724 2463 884 2528 habentes
907 2450 1062 2528 eur'ndem
1085 2467 1187 2527 situm
1209 2471 1242 2527 et
1263 2455 1500 2528 subtendentes

426 2573 579 2634 eumdem
603 2574 773 2653 anguium,
797 2577 855 2654 qui
878 2581 927 2637 est
949 2593 973 2636 e.
998 2575 1078 2636 Cum
1094 2593 1170 2654 ergo
1186 2575 1343 2638 distantia
1363 2575 1409 2636 ab
1427 2591 1500 2635 non
1559 2621 1565 2636 .

425 2682 466 2742 sit
488 2683 637 2760 aequalis
661 2669 834 2763 distantiae
858 2687 922 2763 qd,
945 2687 1003 2748 sed
1023 2686 1244 2765 propinquior
1259 2701 1308 2759 ea,
1324 2673 1369 2748 ab
1384 2685 1499 2762 utique

424 2808 608 2871 numquam
625 2795 794 2873 apparebit
809 2793 916 2856 maior
926 2814 1027 2875 quam
1039 2798 1095 2874 qd,
1108 2796 1294 2858 secundum
1308 2793 1397 2875 quod
1407 2795 1500 2858 deoet

425 2906 560 2982 propter
578 2897 860 2982 propinquitatem
882 2923 1001 2982 suam,
1024 2906 1083 2969 sed
1105 2893 1294 2968 aut'minor
1318 2904 1500 2985 apparebit,

426 3011 515 3090 quod
536 3011 574 3074 fit
595 3029 672 3075 oum
695 3014 852 3077 distantia
873 3014 1010 3078 alterius
1033 3017 1074 3078 ab
1097 3015 1200 3079 altera
1222 3015 1374 3078 habuerit
1396 3003 1500 3078 sensi-

425 3119 526 3183 bilem
555 3124 794 3202 quantitatem,¹
826 3131 882 3186 aut
907 3126 1072 3188 videbitur
1098 3125 1323 3205 aequalium,
1352 3124 1441 3204 quod
1463 3123 1501 3186 m

427 3247 503 3292 cum
527 3234 690 3311 quantitas
713 3233 910 3297 diversitatis
933 3215 1107 3299 distantiae
1129 3225 1230 3298 fuerit
1251 3230 1462 3298 insensibilis.

468 3329 628 3403 Similiter
649 3343 749 3405 etiam
771 3361 847 3406 oum
870 3343 996 3408 fuerint
1013 3344 1097 3408 duae
1115 3345 1370 3424 magnitudines,
1387 3351 1425 3406 ut
1441 3343 1499 3416 ab,

425 3437 473 3526 p‘d
494 3449 560 3530 (dp.
576 3451 629 3527 8),
651 3453 798 3534 aequalis
822 3454 1013 3530 distantiae,
1037 3460 1070 3518 et
1090 3455 1321 3518 subtenderint
1343 3453 1497 3517 eumdem

305 3585 308 3590 ·
426 3558 604 3638 angulum,
620 3553 678 3641 qui
697 3570 746 3625 est
767 3582 795 3638 e,
817 3565 900 3627 situs
924 3571 1034 3629 autem
1057 3583 1172 3630 eorum
1194 3565 1296 3629 fuerit
1316 3562 1499 3638 dissimilis,

428 3667 531 3731 altera
557 3670 692 3750 quidem
721 3689 836 3736 earum
862 3676 1012 3756 opposita
1034 3675 1205 3750 existente,
1229 3675 1332 3739 altera
1358 3691 1436 3738 vero
1458 3673 1499 3736 ad

426 3776 514 3841 latus
536 3779 692 3860 proclivi,
713 3784 815 3847 inerit
836 3793 945 3848 autem
968 3787 1014 3848 ub
1036 3787 1206 3866 opposita,
1228 3799 1414 3866 numquam
1444 3793 1498 3864 a'p-

428 3891 553 3968 parebit
574 3892 616 3957 ob
638 3893 745 3956 maior
766 3911 867 3973 quam
888 3899 953 3974 qd,
975 3897 1160 3960 seeundum
1182 3887 1271 3976 quod
1292 3884 1500 3975 provenitiex

428 4001 649 4079 oppositione,
671 4004 730 4067 sod
751 4011 809 4066 aut
830 4005 940 4068 minor
962 4007 1129 4086 apparebit
1150 4023 1251 4086 quam
1271 4008 1333 4084 qd,
1356 4003 1446 4086 quod
1463 4003 1501 4067 iit

428 4127 506 4174 oum
534 4113 703 4179 diversitas
731 4115 906 4196 utriusque
933 4105 1172 4197 magnitudinis
1199 4116 1354 4182 babuerit
1374 4116 1411 4178 in
1433 4115 1500 4178 situ
