3550 5452
1292 601 1332 664 75
1390 655 1391 660 ,

261 707 419 770 siderium
445 708 604 787 exquisite
628 709 930 788 comprehendendi
953 728 1003 772 res
1020 711 1186 784 videndas,
1202 729 1333 792 semper

217 839 220 846 ’
259 819 356 880 volvit
380 836 453 882 axes
476 819 563 890 eius,
580 835 753 898 quousque
769 818 863 882 locus
880 820 1126 882 coniunctionis
1140 838 1257 886 eorum
1274 821 1331 884 ssat

259 927 293 988 in
317 928 425 990 medio
442 929 680 1006 magnitudinis
697 945 797 1007 quam
813 929 1071 1008 comprehendit,
1090 937 1122 992 et
1138 931 1277 994 ducatur
1292 932 1333 992 ad

258 1037 459 1118 positionem
482 1036 595 1111 illam,
619 1057 704 1118 quae
728 1038 765 1101 fit
787 1040 970 1101 secundum
994 1039 1333 1122 oppositionemque

258 1153 413 1226 apparent
442 1145 516 1210 loca
544 1148 767 1212 subiectarum
793 1166 905 1211 rerum
928 1166 1004 1212 vere
1027 1156 1060 1210 et
1081 1149 1262 1228 diligenter.
1297 1147 1330 1210 Si

256 1274 333 1318 vero
351 1256 444 1320 aliter
458 1256 570 1330 luerit,
588 1265 619 1320 et
634 1258 789 1321 distantia
811 1257 875 1322 loci
897 1259 1143 1321 coniunctionis
1165 1260 1273 1322 axium
1290 1259 1330 1322 ab

257 1373 396 1444 utraque
420 1373 510 1446 parte
533 1385 601 1430 aon
624 1367 724 1430 fuerit
746 1367 914 1447 aequalia,
936 1375 1050 1430 utres
1072 1367 1115 1430 sit
1135 1368 1347 1468 manifesta,¹

255 1492 322 1536 nou
346 1475 410 1538 erit
432 1476 587 1540 distantia
609 1476 680 1538 eius
704 1495 722 1540 a
743 1495 821 1540 vero
844 1476 959 1550 multa,
982 1479 1141 1557 quoniam
1160 1493 1328 1541 cumanae

256 1585 568 1665 quomodocumque
591 1585 715 1648 luerint
737 1585 938 1650 declinantes
957 1587 999 1648 ad
1018 1587 1158 1650 alterum
1174 1585 1329 1658 laterum,

255 1701 391 1774 apparet
411 1695 584 1758 diversitas
606 1713 717 1758 rerum
739 1713 808 1758 non
831 1696 1017 1770 manifeste,
1040 1697 1097 1759 aad
1120 1703 1170 1759 est
1190 1697 1330 1758 contusa

254 1812 387 1884 propter
408 1823 563 1884 magnam
586 1806 833 1878 diversitatem,
858 1823 943 1884 quae
966 1805 1002 1868 ιιι
1024 1824 1043 1869 a
1065 1804 1147 1868 locis
1172 1821 1328 1885 apparen-

255 1913 341 1976 tibus
363 1920 395 1976 et
416 1921 552 1994 propter
580 1914 784 1978 debilitatem
811 1915 982 1976 radiorum
1008 1913 1207 1978 lateralium.
1242 1913 1327 1986 Quid
1368 1975 1371 1982 ,

253 2024 353 2102 igitur
374 2025 542 2086 accidit-ex
555 2041 667 2086 rerum
691 2025 855 2104 positione
872 2025 1056 2088 secundum
1071 2024 1326 2102 oppositionem,

256 2139 293 2195 ut
314 2133 471 2206 diximus,
495 2134 758 2196 demonstratura
782 2142 843 2196 est.

293 2238 404 2316 Qualis
426 2249 535 2306 autern
560 2243 604 2304 sit
625 2242 757 2304 babitus
778 2244 814 2305 in
837 2241 1057 2306 declinatione
1073 2242 1115 2304 ad
1130 2241 1249 2316 latera,
1268 2257 1323 2306 oo-

252 2369 448 2430 gnoscemus
470 2350 528 2413 tali
550 2353 660 2414 modo.
684 2353 829 2414 Ponatur
851 2358 949 2431 caput
964 2351 1099 2414 alterius
1114 2351 1324 2432 pyramidum

251 2470 391 2538 punctus
412 2481 431 2524 a
455 2462 515 2540 (dp.
529 2462 598 2537 at),
623 2468 655 2524 et
670 2461 891 2540 coniungatur
905 2461 1027 2524 iterum
1042 2461 1230 2523 communis
1245 2459 1324 2531 axia,

218 2606 220 2611 ·
252 2571 308 2650 qui
332 2579 381 2634 est
401 2573 463 2649 pb,
495 2579 527 2634 et
549 2571 617 2634 axis
639 2573 683 2634 ab
705 2588 804 2650 super
827 2576 988 2649 punctum
1011 2571 1047 2642 b,
1070 2576 1103 2631 et
1124 2569 1324 2649 producatur

251 2678 419 2760 quaelibet
439 2679 543 2753 linea,
566 2687 599 2743 et
620 2680 662 2742 sit
680 2681 789 2752 derb,
812 2686 845 2742 et
860 2677 1096 2759 protrahantur
1111 2697 1131 2740 a
1144 2678 1274 2757 punctis
1286 2679 1322 2748 ιι,

249 2791 317 2862 ab
337 2789 625 2870 perpendiculares
647 2805 747 2869 anper
765 2790 781 2850 b
788 2808 818 2868 9,
841 2795 873 2852 et
891 2788 958 2851 sint
975 2789 1051 2864 dat,
1073 2789 1119 2862 el,
1141 2807 1212 2860 mar,
1231 2793 1264 2850 ot
1279 2786 1322 2850 sit

248 2893 299 2960 ιε’
311 2899 459 2980 aequalis
474 2899 582 2963 lineae
599 2899 652 2972 ra,
675 2907 706 2962 et
721 2898 893 2978 copuletur
907 2901 939 2962 sl
948 2947 955 2972 ,
971 2906 1004 2962 et
1018 2899 1220 2977 producatur
1235 2914 1321 2976 quo-

249 3026 354 3089 usque
376 3009 531 3089 iungatur
554 3026 629 3070 cum
651 3009 741 3071 linea
760 3009 825 3081 ab,
841 3025 918 3071 cum
933 3008 1090 3086 producta
1105 3006 1205 3068 fuerit
1222 3022 1323 3084 super

246 3125 405 3197 punctum
427 3122 449 3182 ι.
471 3117 619 3180 Dicimus
643 3126 720 3196 ergo
742 3117 831 3195 quod
852 3117 925 3178 dat
946 3112 1117 3194 apparebit
1138 3113 1236 3186 visui,
1259 3114 1319 3190 qui

247 3235 297 3292 est
317 3228 353 3290 in
375 3233 498 3308 puncto
519 3245 553 3301 a,
577 3227 666 3308 quod
688 3226 731 3289 sit
752 3226 859 3306 posita
879 3242 979 3303 super
994 3225 1059 3298 ιιι·
1077 3223 1165 3302 quod
1179 3221 1320 3300 itaquae

151 3365 155 3376 =
247 3338 414 3418 apparebit
435 3337 470 3398 in
493 3336 566 3399 loco
581 3336 696 3415 puncti
712 3335 738 3410 1,
755 3337 820 3398 etd
835 3332 1005 3414 apparebit
1018 3333 1054 3394 in
1072 3331 1146 3394 loco
1161 3330 1274 3410 puncti
1289 3349 1319 3402 s,

245 3446 459 3509 manifestum
487 3452 537 3508 est
560 3463 598 3507 ex
619 3444 901 3523 praecedentibus.
932 3443 1025 3505 Nunc
1048 3447 1160 3504 autem
1183 3440 1319 3504 demon-

244 3563 398 3629 stremus,
421 3555 512 3634 quod
533 3561 675 3634 punctus
692 3554 713 3614 b
729 3553 896 3615 videbitur
911 3552 945 3612 in
962 3558 1085 3630 puncto
1107 3552 1135 3622 t,
1157 3549 1248 3629 quod
1263 3566 1318 3628 ap·

242 3664 381 3744 parebit,
396 3664 424 3725 si
443 3662 683 3726 ostenderimus
702 3662 791 3738 quod
806 3661 848 3722 bi
864 3666 915 3722 est
929 3658 1017 3720 sicut
1030 3677 1101 3721 ma.
1117 3657 1199 3730 Quia
1214 3655 1317 3736 igitur

242 3773 411 3852 proportio
432 3773 469 3834 bl
491 3773 533 3835 ad
554 3775 601 3834 tm
623 3771 710 3833 siout
730 3769 897 3850 proportio
921 3779 952 3830 te
967 3768 1008 3831 ad
1024 3784 1083 3841 aa,
1099 3775 1131 3830 et
1145 3765 1314 3846 proportio

243 3881 280 3944 let
302 3881 343 3944 ad
365 3885 413 3944 lm
435 3889 471 3944 ιιι
493 3881 661 3962 proportio
688 3878 728 3941 ιι
750 3879 791 3942 ad
811 3881 882 3952 mi,
906 3882 937 3940 et
958 3876 1126 3957 proportio
1150 3885 1184 3936 te
1207 3875 1248 3934 ad
1269 3891 1316 3934 en

243 3997 282 4052 ut
303 3991 469 4071 proportio
494 3994 529 4055 td
551 3990 591 4052 ad
614 3992 674 4063 ba,
690 3989 752 4054 erit
766 3987 934 4067 proportio
956 3986 996 4048 its
1019 3985 1059 4048 ad
1072 3985 1125 4068 'mi
1140 3982 1226 4046 sicut
1243 3999 1316 4062 pro·

243 4100 350 4179 portio
373 4104 410 4162 td
433 4099 472 4164 ad
487 4101 548 4165 ba.
565 4097 779 4161 Permutatim
803 4111 880 4174 ergo
899 4095 961 4156 erit
976 4093 1142 4178 proportio
1157 4091 1196 4153 ira
1217 4090 1258 4153 ad
1278 4093 1315 4152 td
