3512 5456
1249 571 1307 638 tat
1420 653 1422 660 y

292 682 414 754 Rursus
443 680 597 763 possibile
626 689 675 746 est
702 681 797 745 nohis
820 680 1030 762 dignoscere,
1061 683 1148 763 quod
1175 685 1209 747 in
1238 682 1311 750 loco

251 793 507 874 contignationis
534 793 620 856 aeris
642 793 683 855 ad
705 791 869 856 aetherem
892 792 930 854 fit
951 791 1045 856 flexio
1067 792 1205 857 visibilis
1228 793 1311 858 radii

250 911 382 984 propter
409 903 628 966 diversitatem
657 904 794 966 istomm
818 919 989 982 corporum
1012 903 1178 980 ducrum,
1200 922 1238 968 ex
1260 903 1311 967 his

248 1029 331 1094 quae
354 1023 525 1095 apparent,
547 1021 578 1076 et
599 1020 676 1077 sunt
697 1012 791 1076 haec.
815 1013 1004 1076 invenimus
1027 1031 1078 1078 ras
1101 1032 1185 1095 quae
1202 1013 1311 1078 oriun-

180 1173 189 1188 .
250 1131 303 1186 tur
324 1131 356 1188 et
377 1124 529 1188 occidunt
550 1125 654 1203 magis
677 1122 876 1188 declinantes
891 1124 932 1186 ad
947 1123 1213 1204 septentrionem,
1235 1141 1311 1188 cum

249 1235 370 1300 fuerint
390 1253 489 1316 prope
511 1235 736 1310 horizontem,
758 1243 791 1298 et
812 1233 944 1298 metitae
966 1235 1087 1298 fuerim
1112 1253 1170 1316 per
1189 1235 1312 1299 instru-

250 1355 398 1414 mentum
415 1364 479 1426 quo
494 1352 727 1410 mensurantur
741 1345 858 1408 sidera.
872 1345 950 1408 Cum
965 1345 1053 1408 enim
1067 1344 1190 1410 fuerint
1205 1329 1311 1412 orien-

250 1465 299 1520 tes
327 1455 378 1520 vel
407 1457 590 1520 occidentes
612 1456 728 1520 circuli
746 1457 858 1537 utique
882 1455 1135 1536 aequidistantes
1158 1456 1313 1536 aequino-

250 1566 352 1642 ctiali,
375 1569 432 1646 qui
453 1567 683 1630 describuntur
697 1583 794 1646 super
810 1565 894 1641 illas,
909 1564 1159 1646 propinquiores
1176 1573 1253 1630 sunt
1271 1567 1313 1630 ad

249 1678 506 1756 septentrionem
528 1693 626 1758 quam
649 1666 765 1740 circuli
788 1677 844 1756 qui
866 1676 1096 1740 deseribuntur
1112 1693 1210 1758 super
1226 1675 1311 1752 illas,

250 1805 324 1850 cum
353 1787 475 1852 tuerint
496 1788 530 1850 in
554 1788 660 1852 medio
684 1786 785 1865 coeli;
815 1795 846 1850 et
872 1794 993 1866 quanto
1016 1787 1119 1868 magis
1141 1787 1313 1869 appropin-

250 1905 356 1976 quant·
366 1881 539 1974 horizonti,
555 1897 678 1964 hahent
695 1898 852 1960 maiorem
867 1895 1117 1961 declinationem
1133 1898 1173 1961 ad
1188 1903 1313 1979 septen·

250 2008 411 2086 trionem;
440 2009 584 2073 siderum
613 2027 689 2074 vero
718 1979 847 2090 semper
869 2008 1093 2088 apparentium
1116 2007 1312 2074 distantias

249 2117 495 2199 septentrionali
517 2120 594 2200 polo
617 2120 677 2184 erit
698 2119 823 2194 minor,
847 2136 922 2182 cum
943 2118 1067 2182 fuerint
1080 2118 1120 2192 in
1131 2118 1313 2184 meridiana

249 2228 338 2292 linea
358 2247 470 2293 versus
493 2230 706 2293 horizontem.
730 2229 808 2292 Cum
831 2228 921 2292 enim
939 2228 1060 2292 tuerint
1077 2230 1111 2291 in
1130 2229 1220 2294 linea
1240 2245 1310 2296 me·

248 2340 375 2438 ridiana
396 2342 430 2402 in
454 2339 526 2404 loco
548 2341 605 2421 qui
628 2339 845 2421 propinquior
863 2345 911 2402 est
929 2347 1060 2418 puncto,
1077 2341 1136 2420 qui-
1149 2347 1199 2408 est
1213 2357 1313 2422 super

248 2457 344 2530 caput
365 2458 528 2525 nostrum,
551 2451 587 2512 fit
610 2451 643 2512 in
666 2451 737 2530 ipsc
760 2450 832 2513 loco
856 2448 996 2512 circulus
1019 2450 1239 2529 aequidistans
1262 2467 1312 2514 ae·

248 2560 439 2640 qninoctiali
461 2561 586 2634 maior,
608 2561 643 2622 in
666 2561 766 2641 priori
791 2567 899 2622 autem
922 2559 993 2622 loco
1016 2560 1052 2622 iit
1074 2561 1201 2636 minor,
1224 2559 1313 2642 quod

248 2672 365 2734 accidit
394 2678 524 2752 propter
542 2670 723 2736 ,flexionem
753 2670 891 2734 visibilis
921 2670 1026 2744 radii,
1057 2687 1141 2750 quae
1164 2669 1200 2732 iit
1222 2689 1241 2736 a
1262 2688 1312 2736 su·

249 2781 380 2862 perticis
404 2799 487 2862 quae
509 2781 707 2844 determinat
729 2781 815 2844 inter
837 2797 946 2844 aerem
970 2788 1001 2844 et
1023 2781 1200 2856 aetherem,
1229 2798 1313 2860 quae

248 2893 344 2956 dehet
365 2910 435 2956 esse
458 2891 641 2972 sphaerica,
664 2899 695 2953 et
717 2898 863 2956 centmm
886 2891 957 2954 eius
980 2896 1029 2954 est
1050 2898 1198 2954 centrum
1220 2908 1310 2954 oom-

247 3019 347 3066 mune
367 3002 530 3066 universis
554 3001 739 3076 elementis,
764 3001 849 3080 quod
873 3009 921 3064 est
942 3007 1090 3063 centrum
1114 3007 1230 3064 terrae.

292 3115 362 3176 Esto
386 3131 462 3192 ergo
480 3113 570 3193 prius
585 3119 725 3194 punctus
748 3112 888 3174 existens
910 3128 1007 3192 super
1029 3111 1133 3191 capita
1155 3109 1313 3191 aspicien-

210 3239 219 3250 ·
247 3223 360 3286 tiume
383 3222 446 3303 (Μ.
463 3222 537 3297 83),
559 3225 664 3302 sitque
688 3221 792 3284 maior
815 3220 956 3284 circulus
978 3220 1019 3282 de
1041 3220 1094 3282 his
1117 3221 1174 3300 qui
1192 3221 1313 3285 cadunt

247 3335 282 3396 in
304 3333 451 3414 sphaeris
472 3333 662 3398 huiusmodi
684 3350 806 3406 rerum,
829 3349 910 3412 quas
932 3331 1084 3405 diximus,
1101 3331 1207 3410 quiin
1226 3338 1311 3394 terra

246 3445 379 3526 quidem
401 3443 543 3507 circulus
564 3445 623 3518 ct,
646 3443 701 3524 qui
725 3442 759 3504 in
785 3441 955 3523 superficie
980 3449 1089 3512 autem
1112 3441 1308 3512 terminante

246 3573 357 3618 aerem
378 3562 410 3619 et
432 3554 596 3618 aetherem
620 3555 663 3619 sit
685 3555 745 3632 ρας
773 3549 916 3616 circulus
938 3570 1014 3616 vero
1037 3551 1094 3630 qui
1116 3551 1232 3617 transit
1253 3568 1311 3631 per

245 3667 407 3746 'quasdam
430 3664 535 3728 sidera
558 3665 601 3726 sit
615 3682 672 3739 οη
696 3670 843 3726 centrum
867 3669 975 3727 autem
999 3662 1146 3726 omnium
1170 3660 1212 3722 sit
1229 3678 1310 3740 pun·

246 3756 315 3838 etus
330 3778 366 3850 t,
389 3781 421 3840 et
442 3773 650 3855 protrahatur
670 3772 759 3838 linea
780 3775 860 3847 eali,
882 3773 989 3852 sitque
1012 3772 1260 3852 visus-punctus
1277 3790 1310 3850 q,

246 3886 388 3949 etlinea
407 3885 528 3951 cadens
551 3901 649 3964 super
665 3882 908 3952 distinctionem
924 3879 1313 3960 communemhoriaonti

246 4003 279 4060 et
301 3995 424 4060 circulo
444 3999 493 4075 pd
514 3995 603 4058 linea
617 3996 703 4064 oda:
718 3994 825 4074 sitque
839 3993 960 4056 iterum
976 3996 1016 4056 dt
1035 3989 1313 4073 perpendicularis

247 4124 345 4188 super
367 4099 594 4183 circulumet
612 4104 807 4174 arbitremur
820 4102 891 4168 adt
906 4100 1162 4179 essevisibilem
1184 4101 1314 4180 radium
