3550 5452
1315 567 1354 634 59

282 680 372 762 quod
395 679 461 744 sint
483 678 644 760 ampliora
669 681 757 758 (sici,
780 675 932 758 q'uamvie
953 681 1021 745 siut
1040 697 1242 756 econverso,
1263 687 1357 760 putat

281 789 338 852 illa
360 808 435 854 vere
458 787 536 852 talia
552 793 641 862 esse,
665 790 825 882 quoniam
847 807 941 852 mens
956 790 1121 852 existimat
1136 791 1175 852 de
1191 789 1255 865 hia,
1271 807 1355 870 quae
1429 777 1437 794 ’

179 967 182 976 ,
283 898 390 962 taliter
412 898 676 971 constituuntur,
699 900 789 978 quod
807 899 949 962 habeant
966 899 1221 978 aequidistantia
1236 898 1354 974 latera;

283 1027 359 1072 nam
380 1026 457 1072 oum
472 1009 553 1071 haee
568 1009 693 1074 fuerint
708 1016 793 1072 recte
809 1016 928 1084 erecta,
943 1016 1022 1071 sunt
1037 1028 1136 1090 super
1148 1008 1355 1072 horizontem

284 1118 323 1196 ad
345 1126 452 1181 rectos
471 1117 622 1198 angulos.
642 1120 704 1182 Res
721 1123 834 1181 autem
848 1137 934 1198 quae
950 1111 1028 1182 sun't
1042 1125 1168 1182 erectae
1184 1137 1283 1198 super
1296 1118 1355 1180 ho·

283 1228 442 1290 riaoutem
464 1228 506 1290 ad
527 1233 633 1291 rectos
656 1227 809 1308 angulos,-
822 1207 903 1290 sunt
921 1229 1190 1308 aequidistantes,
1204 1228 1265 1292 sed
1277 1245 1356 1290 oum

283 1355 350 1402 non
378 1338 426 1400 ita
446 1355 482 1400 se
505 1337 700 1412 habuerint,
728 1343 765 1400 ut
793 1335 870 1400 illae
893 1355 979 1417 quae
1001 1356 1070 1402 non
1091 1338 1215 1402 habent
1237 1337 1355 1416 aequi-

282 1446 438 1508 distantia
458 1445 578 1520 latera,
600 1464 695 1510 mens
717 1452 809 1526 putat
831 1447 922 1526 quod
944 1465 1050 1510 unum
1074 1447 1114 1512 de
1138 1447 1268 1510 duobus
1291 1464 1354 1526 op·

283 1555 398 1636 positis
419 1555 577 1620 lateribus
598 1557 642 1618 sit
662 1556 772 1619 maius
795 1572 896 1635 qnam
918 1564 978 1620 est.
1002 1558 1051 1620 llit
1068 1552 1169 1620 etiain
1184 1557 1219 1620 in
1236 1557 1354 1633 motio-

283 1654 381 1728 nibus
407 1664 492 1728 ialsa
519 1665 656 1745 opinio,
684 1667 772 1728 sicut
798 1666 916 1728 accidit
937 1667 972 1728 in
996 1667 1147 1731 curribus
1169 1684 1354 1746 equorum,

283 1777 415 1857 mando
436 1784 548 1840 motus
569 1794 688 1840 eorum
710 1795 778 1840 non
794 1776 895 1840 fuerit
910 1777 1018 1856 velox;
1041 1795 1162 1842 sensus
1179 1779 1270 1842 enim
1286 1797 1354 1840 non

284 1885 370 1949 cadit
390 1903 491 1966 super
512 1893 621 1966 partes
642 1903 776 1961 eorum,
798 1885 857 1949 sed
878 1886 966 1950 cudit
984 1906 1084 1968 super
1100 1905 1205 1968 equos
1221 1895 1254 1952 et
1268 1893 1356 1950 rotas

284 1993 395 2058 simul.
417 1995 482 2058 Nos
505 2002 616 2058 autem
638 2003 814 2076 putamus,
832 2013 908 2060 curn
924 1993 999 2060 illas
1013 1997 1248 2076 aspexerimus,
1264 1996 1356 2075 quod

283 2103 359 2182 equi
380 2103 536 2167 velociter
556 2104 692 2180 vadant,
714 2110 748 2168 et
769 2105 850 2185 qpia
870 2103 904 2166 in
926 2105 1121 2168 huiusmodi
1139 2106 1251 2180 rebus,
1266 2123 1354 2184 quae

284 2219 456 2276 transeunt
477 2214 630 2293 aequales
652 2214 841 2289 distantias,
864 2215 984 2278 accidit
1004 2215 1068 2278 hoc
1089 2215 1163 2278 fieri
1180 2216 1215 2276 in
1232 2223 1357 2294 tempo·

282 2323 374 2384 ribus
401 2322 621 2402 aequalibus,
650 2329 682 2386 et
703 2323 788 2386 illud
810 2323 853 2388 sit
875 2341 1054 2388 commune
1077 2324 1174 2405 equis
1196 2331 1230 2386 et
1251 2324 1332 2388 rutis
1345 2313 1363 2397 ;⁴

282 2450 320 2494 ex
340 2431 422 2496 rotis
444 2441 555 2514 autem
574 2441 705 2513 propter
718 2437 912 2533 parvitatem
926 2434 1121 2513 quantitatis
1137 2451 1252 2498 aarum
1269 2433 1355 2498 fiunt

282 2541 392 2622 plures
414 2543 624 2622 repetitiones
646 2543 683 2604 iri
704 2537 948 2618 volutionibus,
971 2561 1055 2624 qnae
1078 2551 1159 2607 sunt
1176 2549 1287 2608 motus
1302 2563 1354 2608 ea·
1472 2525 1481 2546 ’

282 2669 377 2728 rum,
400 2658 432 2716 et
454 2659 504 2716 est
524 2652 619 2716 velox
641 2659 673 2716 et
695 2654 892 2727 continuus,
914 2672 1010 2716 mens
1032 2654 1248 2718 ratiocinatur
1269 2655 1355 2718 inter

283 2768 411 2824 rnotum
440 2768 472 2824 et
497 2760 685 2824 volutiones
706 2764 746 2826 de
769 2763 986 2843 aequalitate,
1014 2763 1159 2843 generali
1180 2764 1354 2826 ratiocina-

165 2887 167 2894 “
283 2871 385 2949 tione,
409 2877 442 2934 et
462 2878 556 2951 putat
578 2871 669 2950 quod
692 2872 849 2934 transitus
872 2889 1036 2953 equorum
1059 2872 1103 2933 sit
1124 2871 1228 2934 velox.

199 3039 203 3052 ,
324 2981 383 3044 llic
404 2988 454 3044 est
475 2999 550 3059 ergo
573 2981 651 3044 linis
666 2999 782 3044 eorum
798 2999 883 3062 quae
898 2982 1041 3044 diximus
1057 2982 1091 3042 in
1108 2981 1273 3060 praesenti
1287 2999 1354 3044 ser·

283 3106 380 3154 mone
403 3092 442 3154 tle
464 3090 711 3170 deceptionibus
736 3097 768 3154 et
788 3091 904 3166 rebus,
924 3090 1097 3169 inquibus
1113 3088 1353 3153 lalliturvisus.
