3550 5452
1294 650 1329 715 tt

257 761 337 843 quia
359 781 399 825 cc
422 760 567 824 similem
591 759 691 823 habet
715 751 866 823 ordinem
890 763 920 824 ei
942 761 1003 840 qui
1026 768 1073 824 est
1096 763 1149 836 be,
1173 773 1204 824 et
1226 781 1269 824 oz
1292 765 1334 826 si·

259 873 349 934 milis
371 879 420 934 εει
441 873 476 941 in
500 871 616 934 ordine
639 871 669 933 ei
692 871 751 950 qui
774 877 823 933 est
840 871 898 945 bz;
921 873 942 933 t
963 889 1040 934 vero
1063 875 1095 933 et
1117 872 1150 946 t,
1173 873 1334 951 quoniam

258 984 305 1044 cit
327 989 360 1044 et
381 984 432 1064 bit,
446 989 524 1044 sunt
539 999 629 1054 axes,
646 981 851 1060 apparebunt
872 979 907 1042 in
931 998 998 1042 uno
1017 979 1091 1043 loco
1110 983 1169 1060 qui
1185 989 1237 1044 est
1250 999 1332 1061 pun·

256 1098 332 1154 ctus
354 1099 380 1167 t;
403 1099 437 1154 et
458 1091 537 1171 quia
559 1091 619 1164 tt,
643 1090 687 1154 cie
709 1107 776 1152 non
799 1098 879 1152 sunt
897 1090 1013 1152 ordine
1028 1091 1233 1166 consimiles,
1244 1091 1333 1154 vide·

258 1201 384 1264 buntur
406 1203 442 1274 t,
464 1200 483 1260 ic
505 1217 606 1280 super
627 1205 767 1280 punctos
791 1201 817 1273 i,
839 1217 888 1272 m,
912 1207 945 1262 et
966 1206 1108 1279 punctus
1132 1211 1158 1274 t,
1181 1219 1221 1264 eo
1244 1202 1334 1280 quod

258 1309 343 1372 radii
363 1320 418 1385 ot,
442 1310 478 1371 bt
499 1317 578 1371 sunt
599 1309 723 1372 ordine
738 1309 935 1384 dissimiles,
959 1309 1123 1372 videbitur
1145 1311 1180 1371 in
1203 1310 1332 1372 duobus

258 1405 340 1482 locis
363 1419 519 1498 quisunt
541 1419 579 1492 ι,
601 1418 631 1480 it.

302 1529 394 1592 Nunc
417 1545 493 1607 crgo
517 1529 609 1590 decet
625 1547 696 1601 nos,
712 1545 789 1590 cum
804 1529 1015 1608 posuerimus
1031 1528 1259 1592 distinctiones
1275 1530 1334 1592 ali·

259 1653 342 1717 quas
363 1653 559 1700 communes
582 1637 621 1700 de
643 1636 741 1710 iocis,
764 1637 799 1698 in
822 1637 945 1717 quihus
958 1629 1097 1718 'apparet
1111 1655 1332 1718 unaquaeque

259 1765 394 1821 rerum,
423 1747 634 1809 considerare
658 1747 826 1826 quomodo
848 1747 970 1809 debent
991 1747 1067 1809 inde
1088 1747 1194 1809 videri
1215 1765 1268 1810 res
1289 1749 1335 1810 vi·

259 1857 383 1919 dendae
405 1856 440 1917 in
463 1856 546 1918 locis
568 1853 659 1930 suis,
683 1855 805 1935 quibus
829 1861 908 1916 sunt
929 1853 1067 1934 positae.
1101 1855 1192 1928 Quod
1218 1857 1334 1938 utique

258 1965 427 2039 faciemus,
444 1972 618 2045 postquam
636 1965 849 2044 posuerimus
864 1965 904 2027 dc
920 1963 972 2025 his
988 1981 1073 2045 quae
1087 1963 1191 2027 locuti
1206 1985 1333 2041 sumus,

259 2073 350 2136 eliud
372 2073 574 2152 principium
596 2073 827 2146 manifestum,
850 2071 1004 2136 videlicet
1025 2071 1054 2135 si
1077 2092 1145 2136 uon
1162 2074 1263 2137 fuerit
1277 2093 1335 2154 po·

258 2183 321 2245 sita
342 2181 433 2245 linea
454 2183 518 2245 ιιι
542 2184 604 2262 (pto.
622 2183 673 2256 18ι
695 2182 924 2262 aequidistans
941 2182 1052 2246 lineae
1066 2183 1125 2257 ab,
1144 2183 1228 2245 sicut
1242 2183 1334 2263 prius

259 2292 528 2373 praeposuimus,
545 2289 603 2354 sed
618 2291 716 2354 fuerit
730 2291 820 2353 linea
836 2289 883 2354 cit
904 2291 1012 2353 maior
1025 2290 1116 2354 linea
1134 2293 1191 2366 ιι,
1211 2297 1334 2356 stares

260 2402 481 2466 remanserint
500 2403 534 2462 in
559 2408 647 2464 statu
670 2419 736 2480 quo
760 2401 890 2463 fuerant
912 2401 1053 2480 oppositi
1076 2408 1198 2482 puncto
1216 2406 1247 2466 d.
1271 2405 1334 2466 Res

259 2512 375 2591 utique
394 2510 519 2590 positae
538 2528 638 2590 super
652 2517 793 2590 punctos
808 2510 843 2584 ι,
862 2510 1097 2574 inuehuntur
1115 2529 1215 2592 super
1229 2529 1333 2574 unam

261 2620 400 2694 lineam,
423 2637 509 2699 quae
531 2625 581 2681 est
600 2621 645 2697 qd
668 2619 754 2681 circa
772 2626 933 2698 punctum
950 2630 960 2681 t
967 2639 977 2695 ,·
1000 2626 1159 2700 utraeque
1175 2627 1285 2683 autem
1301 2622 1335 2683 in

261 2745 329 2792 uno
351 2729 424 2792 loco
452 2746 518 2790 non
541 2727 756 2802 videbuntur,
780 2736 889 2790 tamen
905 2727 924 2789 it
939 2729 1106 2792 videbitur
1119 2729 1336 2811 propinquior

259 2837 343 2899 visui
367 2855 467 2917 quam
489 2837 530 2911 t,
558 2845 590 2901 et
613 2836 675 2900 erit
695 2837 868 2900 diversitas
891 2855 1006 2901 earum
1029 2838 1063 2898 in
1087 2839 1333 2919 propinquitate

260 2953 292 3009 et
312 2947 497 3010 remotione
519 2947 635 3020 maior,
658 2963 735 3008 cum
757 2945 944 3026 proclivitas
968 2945 1014 3006 ιι
1036 2965 1055 3009 a
1078 2947 1211 3027 speculo
1234 2949 1336 3012 inerit

260 3054 377 3119 maior.
400 3055 493 3118 Tunc
508 3057 598 3118 cuim
613 3052 779 3119 videbitur
801 3056 822 3116 t
844 3055 879 3116 in
902 3055 975 3117 ioco
997 3073 1043 3128 m,
1066 3063 1098 3116 ει
1117 3056 1136 3115 ι
1158 3057 1194 3117 in
1216 3056 1290 3120 loco
1305 3075 1333 3131 s,

258 3166 395 3228 ethaeo
417 3163 483 3227 duo
505 3163 578 3228 loca
599 3173 692 3238 sunt,
715 3183 735 3228 a
756 3165 879 3245 quibus
901 3164 1054 3227 incidunt
1082 3165 1165 3226 duae
1194 3183 1333 3245 perpen-

262 3274 426 3338 diculares
447 3291 548 3354 super
569 3275 693 3338 lineam
714 3278 771 3353 qd.

301 3386 338 3445 Et
366 3401 442 3446 cum
470 3384 552 3447 haec
575 3385 620 3447 ita
641 3382 782 3458 fuerint,
805 3384 892 3448 sicut
915 3383 1080 3457 diximus,
1102 3387 1277 3459 convenit,
1299 3395 1336 3448 ut

258 3499 378 3556 natura
406 3499 566 3572 coaequet
595 3491 819 3555 diversitatem
842 3511 927 3573 quae
951 3500 1002 3556 est
1024 3493 1111 3557 inter
1133 3495 1216 3556 duos
1238 3511 1334 3568 axes,

259 3609 292 3666 et
318 3609 491 3682 congreget
517 3619 574 3665 eos
602 3603 786 3665 secundum
814 3603 916 3664 situm
938 3603 986 3664 rei
1009 3604 1189 3678 videndam
1216 3605 1334 3667 cadent

258 3728 336 3790 ergo
358 3712 492 3790 utrique
515 3727 615 3790 super
636 3729 752 3774 eam-a
774 3710 936 3792 principio
963 3713 1053 3791 quod
1076 3718 1125 3775 est
1146 3713 1236 3776 inter
1257 3731 1333 3787 εοε,

257 3828 290 3883 ει
311 3827 361 3883 εει
382 3820 465 3882 iliud
484 3821 519 3882 iu
542 3837 608 3900 quo
632 3820 728 3884 dehet
749 3821 939 3884 coniunctio
963 3821 1109 3902 capitum
1124 3823 1334 3902 pyramidum

260 3929 345 4000 fleri,
361 3936 393 3991 et
408 3929 564 3992 distantia
579 3928 650 3992 eius
668 3931 709 3992 ab
725 3928 794 3990 iliis
811 3936 860 3992 est
876 3929 1035 4008 aequalis,
1049 3937 1082 3992 et
1098 3944 1213 4000 eorum
1230 3931 1334 3992 sensi·

256 4037 365 4100 bilitas
390 4044 439 4101 cst
459 4039 661 4114 communis;
685 4037 786 4118 fitque
809 4038 872 4100 hoc
895 4039 1081 4101 secundum
1105 4039 1194 4118 quod
1216 4040 1334 4102 accidit

159 4127 173 4172 ¹·
256 4147 290 4208 in
315 4165 382 4210 uua
403 4148 462 4210 via‘
478 4148 517 4210 de
541 4165 596 4223 eo,
620 4147 705 4226 quod
731 4147 879 4210 medium
896 4155 945 4212 est
961 4148 1045 4211 inter
1060 4149 1200 4228 utraque
1213 4147 1332 4223 latera,
