3550 5452
1281 649 1320 712 23

234 731 367 836 ¹cuatus
389 755 490 818 luerit
512 756 595 818 situs
611 755 741 818 basium
757 773 858 837 super
873 773 944 820 rem
959 756 1146 822 videndam.
1161 757 1321 823 Possibile

246 881 379 946 quoque
398 873 447 929 est
461 864 576 930 oculos
592 865 676 928 flecti
694 866 736 929 ad
751 864 851 930 aliam
867 873 1006 948 partem,
1021 885 1124 949 quam
1138 868 1320 933 secundum
1438 919 1447 936 .

247 974 468 1050 latitudinem,
481 977 539 1038 sed
556 974 761 1057 impossibile
778 985 828 1040 est
843 977 965 1041 differri
979 977 1176 1042 declinando
1188 996 1320 1042 sursum

246 1084 299 1148 vel
320 1085 485 1159 deorsum,
508 1085 666 1166 quoniam
685 1086 767 1150 alter
783 1086 958 1151 oculorum
974 1106 1041 1152 non
1058 1096 1107 1152 est
1121 1091 1322 1153 constitutus

247 1193 344 1257 altior
366 1194 479 1269 altero,
502 1213 563 1258 nec
586 1204 705 1260 natura
726 1195 789 1260 lroc
811 1197 965 1278 indiguit,
988 1199 1149 1279 quoniam
1164 1215 1230 1262 non
1247 1197 1322 1261 iun-

248 1309 370 1381 guntur
385 1304 569 1367 secundum
584 1305 853 1385 profunditatem,
868 1306 927 1370 sed
941 1306 1024 1370 situs
1041 1324 1158 1371 eornm
1172 1305 1323 1389 aequalis

249 1419 312 1488 est,
335 1421 370 1478 et
389 1414 592 1478 conveniunt
614 1415 698 1478 radii
721 1433 835 1480 eorum
854 1415 1051 1482 declinando
1067 1418 1108 1481 ad
1123 1416 1236 1481 latera.
1258 1419 1323 1482 Du·
1359 1471 1361 1478 .
1407 1465 1410 1472 -

248 1523 441 1587 ditationem
471 1524 626 1606 quidem,
656 1543 740 1606 quae
769 1525 803 1590 in
835 1526 887 1590 his
915 1525 1079 1608 contingit
1100 1547 1138 1592 ex
1160 1527 1209 1591 eis
1235 1544 1323 1607 quae

249 1643 417 1715 apparent,
440 1643 473 1699 et
494 1655 553 1718 per
568 1637 805 1701 scrutationem
820 1639 861 1702 de
871 1639 1080 1721 ‘unaquaque
1096 1657 1210 1703 rerum
1225 1656 1323 1721 appa·

249 1747 392 1810 rentium
414 1765 480 1828 quo
502 1755 647 1830 apparet,
667 1767 868 1831 exponemus
885 1751 919 1813 in
936 1759 1084 1832 tempore
1101 1759 1134 1815 et
1146 1751 1219 1815 loco
1235 1768 1323 1815 com·

247 1858 436 1937 patentius
452 1861 711 1941 interrumpatur
722 1861 756 1925 id
769 1862 858 1943 quod
872 1861 1060 1942 significare
1074 1861 1320 1944 proposuimus.

290 1967 549 2048 Magnitudinem
564 1987 644 2034 vero
660 1971 828 2052 cognoscit
839 1971 942 2047 visus,
956 1973 1090 2053 quando
1104 1973 1254 2036 diametri
1266 1974 1324 2038 ba·

251 2079 315 2154 sis,
330 2097 414 2159 quae
431 2087 481 2144 est
494 2099 593 2162 super
606 2099 678 2145 rem
692 2061 886 2157 videndam,
900 2082 1025 2146 habent
1040 2081 1234 2170 sensibilem
1249 2101 1324 2164 pro·

251 2177 437 2270 portionem
461 2193 502 2254 ad
524 2192 713 2256 distantiam
743 2192 912 2257 internos
937 2199 969 2257 et
989 2192 1083 2256 illam
1106 2193 1326 2270 existentem,

157 2351 162 2359 .
252 2302 341 2381 quod
357 2303 393 2366 dt
408 2320 483 2365 cum
498 2303 593 2379 radii,
605 2303 663 2383 qui
679 2321 751 2367 eam
767 2304 948 2379 continent,
963 2303 1199 2367 constituerint
1217 2304 1323 2368 sensi·
1424 2381 1426 2388 y

250 2411 350 2475 bilem
366 2410 525 2494 angulum
541 2413 575 2475 in
592 2415 697 2494 capite
710 2413 910 2495 pyramidis;
929 2419 960 2477 et
971 2413 1035 2477 hac
1048 2413 1087 2477 de
1101 2431 1202 2479 causa
1213 2413 1325 2497 plures

250 2523 504 2603 magnitudines,
513 2541 598 2604 quae
610 2542 713 2606 prope
724 2523 900 2588 existentes
911 2524 1076 2600 videntur,
1086 2543 1153 2588 non
1167 2532 1326 2606 apparent

251 2613 398 2714 alonge,
423 2634 582 2716 quoniam
596 2633 681 2698 radii
695 2633 880 2714 iunguntur
894 2633 930 2696 in
948 2633 1085 2697 remotis
1101 2633 1279 2710 distantiis,
1295 2641 1327 2698 et

251 2741 377 2805 iaciunt
399 2742 557 2823 angulum
579 2759 677 2824 quern
701 2744 876 2808 continent
896 2743 1102 2807 insensibilis
1122 2743 1326 2824 quantitatis.

250 2853 374 2916 Accidit
393 2860 504 2916 autem
526 2854 647 2917 maiori
669 2853 869 2934 angulorum
893 2854 992 2917 unius
1014 2853 1196 2934 pyramidis
1217 2855 1324 2934 magis

252 2963 421 3027 continere
432 2964 473 3028 de
486 2965 587 3027 radiis
598 2963 794 3040 visibilibus,
803 2982 872 3027 non
884 2970 993 3026 tamen
1007 2963 1176 3044 cognoscit
1187 2962 1327 3025 visibilis

251 3089 367 3136 sensus
390 3091 459 3137 rem
483 3091 556 3138 esse
577 3067 737 3138 maiorem
760 3079 893 3155 propter
910 3071 1161 3135 multitudinem
1176 3071 1325 3135 inciden-

252 3183 335 3246 tium
349 3183 397 3246 ibi
412 3183 581 3248 radiorum
597 3185 680 3260 eius3
699 3191 737 3247 ut
754 3183 889 3263 quidam
905 3183 1175 3246 existimaverunt
1189 3199 1324 3246 causam

252 3293 469 3358 attribuentes
490 3294 676 3369 distantiae,
698 3293 852 3358 videlicet
873 3293 963 3375 quod
983 3309 1061 3355 cum
1079 3310 1147 3356 una
1161 3299 1194 3356 et
1208 3293 1325 3356 eadem

251 3403 442 3483 magnitudo
458 3404 586 3468 videtur
602 3403 743 3483 alonge,
760 3408 894 3485 apparet
908 3401 1019 3481 minor
1032 3409 1166 3483 propter
1179 3402 1325 3483 paucita-

252 3520 320 3576 tem
341 3513 606 3594 radiorum,'qui
630 3529 731 3594 super
753 3531 828 3576 eam
847 3513 978 3586 cadunt,
996 3519 1027 3576 et
1041 3527 1254 3594 nequaquam
1269 3529 1324 3592 ap·

252 3621 354 3704 paret,
376 3623 509 3704 quando
532 3621 618 3686 nihil
639 3624 679 3687 de
700 3623 802 3686 radiis
825 3621 954 3703 attingit
976 3639 1060 3695 eam,
1077 3639 1154 3686 cum
1170 3620 1326 3685 ceciderit

254 3732 288 3794 in
304 3733 469 3798 delectum
486 3740 518 3798 et
531 3714 754 3798 minutionem
775 3728 958 3809 radiorum3
981 3731 1040 3795 sed
1054 3737 1173 3796 neutra
1188 3731 1348 3794 istarum·

253 3845 492 3907 sententiarum
507 3862 585 3908 vera
599 3852 661 3920 est,
673 3842 832 3924 quoniam
848 3861 918 3906 non
930 3841 1063 3906 videtur
1078 3839 1205 3921 aliquid
1219 3840 1328 3904 maius

254 3959 310 4017 aut
331 3954 445 4017 minus
467 3951 602 4035 propter
622 3953 871 4017 multitudinem
894 3951 1064 4016 radiorum
1085 3951 1179 4014 visus
1196 3954 1228 4014 et
1242 3967 1325 4030 pau·

253 4064 384 4128 citatem
407 4082 523 4129 eorum
544 4071 690 4137 tantum,
712 4080 789 4126 cum
811 4079 879 4125 non
901 4063 1003 4126 luerit
1025 4060 1196 4126 diversitas
1219 4065 1329 4140 quan-³

253 4174 354 4240 titatis
367 4175 537 4240 radiorum
552 4193 590 4242 ex
605 4174 789 4257 quantitate
805 4171 928 4254 anguli,
942 4173 1000 4238 sed
1014 4190 1053 4238 ex
1065 4168 1329 4236 accumulatione
