3550 5452
434 613 481 676 190

439 721 612 784 trahantur
633 718 740 783 lineae
762 723 855 792 lime,
878 721 933 794 zi,
957 726 990 781 et
1012 719 1192 799 iungantur
1213 720 1247 780 in
1272 725 1395 799 puncto
1409 737 1451 781 m.
1477 722 1513 784 ln

439 837 561 911 puncto
583 831 686 910 igitur
704 849 736 891 m
759 829 831 893 selo
849 828 1016 892 videbitur
1030 827 1137 891 ferma
1151 831 1186 902 le,
1200 835 1335 910 propter
1350 829 1515 910 principia

438 923 524 1020 quae
539 941 811 1020 praetaxavimus,
826 948 860 1002 et
875 939 937 1002 erit
951 954 1082 1019 semper
1098 938 1186 1001 inter
1203 956 1275 1001 rem
1290 939 1468 1002 ridendam
1483 947 1516 1005 et

438 1067 468 1122 e,
490 1050 548 1128 qui
570 1056 621 1112 est
642 1056 794 1112 centrum
815 1047 943 1121 circuli,
965 1047 1123 1128 quoniam
1146 1046 1237 1110 linea
1259 1067 1345 1128 quae
1368 1049 1517 1129 procedit

367 1196 379 1216 .
439 1159 511 1221 abe
531 1159 573 1221 ad
589 1161 620 1234 b,
639 1158 755 1221 dividit
769 1159 929 1237 angulum
945 1160 1022 1221 zife.
1044 1147 1125 1220 [lum
1143 1175 1221 1237 ergo
1236 1157 1336 1222 fuerit
1351 1159 1515 1239 producta

439 1268 528 1332 linea
548 1269 603 1343 rb,
625 1269 750 1331 secabit
770 1271 827 1342 lie,
852 1274 884 1330 et
906 1268 1002 1330 dehet
1023 1283 1096 1329 esse
1118 1273 1208 1330 retro
1230 1267 1414 1348 speculum.
1439 1269 1516 1349 Spe-

439 1377 555 1441 culum
576 1378 666 1441 enim
689 1385 739 1440 est
760 1378 847 1440 inter
867 1379 977 1440 visum
992 1383 1025 1440 et
1040 1377 1310 1439 coniunctionem
1333 1379 1515 1468 praedicta·

440 1507 515 1550 rum
538 1488 713 1551 linearum.
743 1488 836 1562 Quod
857 1488 993 1567 quidem
1015 1487 1123 1550 forma
1144 1487 1193 1550 rei
1215 1485 1377 1551 videndae
1400 1489 1444 1548 sit
1465 1505 1516 1551 se·

437 1599 588 1674 ,cundum
610 1599 701 1677 qued
723 1597 866 1660 diximus
879 1634 895 1670 ,·
910 1603 943 1660 et
964 1596 1053 1676 quod
1076 1603 1211 1676 apparet
1232 1595 1516 1660 indesecundnm

441 1707 531 1784 quod
552 1707 701 1769 arbitrati
724 1723 856 1779 sumus,
878 1713 1006 1768 certum
1029 1711 1090 1767 est.

483 1815 679 1878 coniunctio
702 1821 814 1878 autem
836 1816 870 1876 in
894 1833 961 1895 qua
982 1822 1118 1896 apparet
1138 1815 1264 1889 ferma,
1293 1833 1361 1878 nen
1384 1831 1517 1896 semper

437 1931 492 1987 est
513 1925 600 1988 inter
620 1923 832 2004 superficiem
854 1923 983 2004 speculi
1005 1929 1037 1986 et
1059 1930 1212 1987 centrum
1235 1924 1407 2005 sphaerae.
1438 1925 1516 1987 Pos-

440 2032 537 2096 slltlle
558 2041 610 2096 est
631 2035 722 2097 enim
745 2034 902 2114 coniungi
924 2033 1108 2114 praedictas
1131 2033 1213 2095 duas
1233 2037 1340 2096 rectas
1356 2031 1465 2096 lineas
1480 2033 1515 2096 in

440 2144 514 2224 ipse
533 2144 710 2225 superficie
732 2131 875 2226 speculi,
899 2150 931 2207 et
952 2144 1045 2222 iungi
1067 2142 1190 2206 iterum
1206 2143 1294 2207 inter
1305 2143 1516 2222 superficiem

442 2253 571 2332 speculi
593 2259 627 2317 et
648 2269 718 2316 rem
740 2253 927 2316 videndam.

483 2361 609 2423 Rursus
625 2369 694 2424 este
710 2352 812 2425 sectio
827 2360 959 2436 circuli,
976 2361 1035 2441 qui
1051 2361 1085 2422 in
1099 2378 1204 2424 curve
1217 2360 1362 2442 speculo,
1376 2359 1517 2423 circum·

443 2470 585 2534 ferentia
605 2473 645 2550 ι9
660 2471 721 2552 (rip.
739 2470 809 2546 29),
831 2478 865 2534 ει
885 2472 929 2534 εἰι
941 2471 1210 2534 circumferentia
1224 2471 1288 2534 ista
1301 2472 1412 2534 minor
1426 2477 1516 2534 sexta

442 2587 534 2662 parte
558 2581 687 2656 circuli,
710 2589 743 2645 et
764 2583 991 2662 producantur
1012 2583 1098 2645 duae
1118 2581 1227 2644 lineae
1245 2583 1314 2656 eit,
1327 2583 1404 2662 erle,
1419 2587 1453 2644 et
1466 2594 1516 2644 re·

441 2688 602 2769 fringalur
623 2691 666 2753 ab
689 2692 730 2754 ad
752 2688 909 2770 aequales
932 2689 1072 2769 angulos
1096 2699 1133 2753 nt
1153 2692 1227 2754 abl.
1260 2691 1408 2754 Dicimus
1434 2697 1511 2772 'erge

445 2800 535 2879 quod
553 2802 600 2875 bl,
618 2817 696 2863 cum
714 2799 873 2880 preducta
890 2800 1004 2874 fuerit,
1022 2801 1169 2864 obviabit
1181 2801 1248 2880 spir
1266 2799 1301 2862 in
1320 2807 1412 2880 parte
1427 2801 1515 2881 pu'u'-
1619 2803 1621 2808 “

441 2913 571 2972 ciorum
583 2899 611 2983 ι,
624 2912 645 2984 l,
659 2917 691 2974 et
701 2910 781 2990 quia
796 2911 1061 2974 circumferentia
1074 2913 1114 2989 ι9
1128 2911 1239 2973 minor
1254 2918 1305 2974 est
1320 2917 1410 2974 sexta
1419 2911 1516 2991 parte

442 3003 582 3094 circuli,
595 3019 658 3082 erit
679 2993 828 3099 angulus'
845 3020 903 3098 lep
924 3020 1035 3083 minor
1052 3020 1182 3084 duabus
1197 3020 1348 3101 partibus
1363 3023 1445 3083 recti
1460 3035 1517 3084 an'·

442 3127 533 3207 guli,
555 3135 589 3192 et
610 3129 751 3209 angulus
774 3131 856 3208 obp,
883 3130 940 3210 qui
963 3137 1013 3193 est
1034 3131 1121 3193 sicut
1142 3117 1282 3209 angulus
1305 3131 1383 3204 alt,
1408 3127 1517 3192 maier

442 3244 492 3300 est
515 3257 615 3318 quam
638 3241 722 3302 duae
745 3248 854 3320 partes
877 3239 991 3320 anguli
1013 3239 1105 3302 recti.
1127 3229 1274 3319 Angulus
1295 3257 1373 3302 vere
1387 3241 1457 3302 zbt
1464 3247 1516 3302 ae·

441 3346 551 3426 qualis
573 3355 623 3410 est
645 3348 766 3428 angulo
789 3351 853 3426 ιιι,
877 3341 1019 3429 angulus
1034 3365 1169 3430 quoque
1193 3351 1244 3412 til
1265 3350 1374 3412 maior
1388 3355 1438 3412 est
1460 3365 1516 3412 an·

439 3455 521 3535 gule
545 3456 623 3535 ιε9ς
645 3457 756 3520 lineae
778 3475 854 3538 ergo
877 3458 1261 3536 bl,elrccnveniunt1n
1284 3459 1341 3522 illa
1362 3465 1465 3539 parte,
1480 3459 1515 3521 in

318 3602 322 3607 ·
441 3583 507 3646 qua
529 3573 608 3629 sunt
627 3568 799 3647 punctilr,
822 3569 842 3630 l.
873 3568 1054 3648 Iungentur
1075 3568 1187 3648 itaque
1209 3567 1245 3630 iu
1269 3575 1390 3650 puncto
1411 3587 1453 3629 m.
1481 3568 1517 3631 Si

441 3693 519 3756 ergo
535 3675 660 3756 opinati
679 3676 855 3752 fuerimus,
870 3677 962 3757 quod
976 3679 1068 3740 visus
1083 3677 1126 3740 sil
1146 3693 1166 3740 z
1187 3685 1219 3742 ει
1241 3695 1294 3742 res
1311 3679 1451 3742 videnda
1466 3695 1515 3752 m,

442 3786 504 3849 erit
525 3786 632 3849 forma
655 3785 729 3851 eins
751 3797 850 3867 super
871 3793 1031 3868 punctum
1064 3807 1104 3866 9,
1126 3788 1184 3868 qui
1207 3794 1257 3851 est
1282 3787 1318 3851 in
1340 3786 1515 3912 superficie

441 3894 582 3976 speculi.

483 4005 641 4068 Rursus
631 4025 665 4068 m
689 4003 793 4068 simili
815 4005 921 4086 ligura
947 3999 1157 4087 protrahatur
1184 4006 1274 4068 linea
1303 4006 1363 4081 ει,
1392 4012 1424 4070 ει
1446 4023 1514 4069 non

441 4121 584 4178 transeat
605 4132 664 4195 per
684 4107 845 4196 punctum
867 4135 906 4193 9,
937 4116 995 4178 sed
1025 4123 1111 4180 secet
1139 4114 1266 4180 lineam
1293 4117 1337 4179 tt
1367 4107 1400 4178 iu
1421 4107 1515 4197 ¹pun·
