3550 5452
1300 613 1339 678 ta

267 722 301 783 in
328 719 520 802 aequalibus
544 721 762 802 temporibus,
783 729 950 804 apparent
970 721 1168 801 velociorem
1197 739 1341 805 quarum

267 829 358 896 enim
372 831 526 896 diametri
540 839 617 895 sunt
630 830 796 912 aequales,
808 831 886 896 illae
901 848 985 913 quae
997 833 1250 914 propinquiores
1262 842 1341 898 sunt

266 939 362 1016 visui,
377 942 581 1006 subtendunt
595 941 755 1006 maiorem
770 940 939 1023 angulum,
954 943 1103 1022 quamvis
1119 942 1264 1009 habeant
1277 945 1340 1008 mi·

266 1067 384 1114 norem
397 1051 626 1132 quantitatem,
635 1059 672 1115 ut
683 1069 800 1132 parvae
813 1069 912 1116 naves
925 1058 959 1116 at
969 1069 1087 1132 parvae
1098 1053 1340 1134 sagittae,quaa

265 1167 439 1224 movantur
455 1178 530 1224 eum
549 1162 746 1240 maioribus;
768 1169 927 1244 apparent
943 1149 1034 1226 e'uim
1051 1160 1240 1228 velooiorss.
1257 1163 1339 1227 Cum

264 1270 355 1334 enim
373 1269 440 1335 alio
460 1272 559 1336 modo
579 1271 807 1337 existimentur
825 1288 888 1347 res,
904 1287 990 1352 quae
1003 1291 1063 1354 par
1075 1272 1188 1354 plures
1200 1273 1289 1338 vioes
1302 1275 1338 1338 in

266 1381 468 1462 temporibus
491 1383 683 1463 aequalibus
702 1389 876 1448 moventur
889 1382 924 1446 in
940 1383 1121 1448 maioribus
1140 1383 1221 1448 loeis
1239 1401 1340 1464 quam

266 1491 346 1568 suis,
361 1491 437 1572 plus
454 1493 579 1556 moveri
597 1512 699 1574 quam
713 1491 791 1562 illae
806 1511 890 1574 quae
905 1500 1079 1558 movantur
1093 1494 1129 1558 in
1145 1493 1239 1571 loeis,
1255 1511 1340 1575 quae

179 1644 188 1658 .
265 1601 335 1664 suis
355 1609 433 1666 sunt
454 1603 616 1684 aequalia,
637 1621 689 1668 res
711 1603 803 1668 anim
819 1621 920 1684 parva
933 1611 1105 1668 mensurat
1118 1603 1275 1684 aequales
1290 1604 1341 1668 di·

267 1712 401 1776 stantiae
424 1712 576 1794 pluribus
597 1713 735 1789 vicibus,
759 1731 859 1794 quam
878 1731 999 1794 magna
1015 1713 1188 1794 contingit,
1206 1714 1340 1794 quando

264 1841 317 1886 res
344 1822 571 1902 magnitudine
600 1822 793 1904 inaequales
815 1830 991 1888 moventur
1012 1822 1144 1904 aequali
1165 1823 1337 1888 velocitate
1433 1833 1436 1840 ’

266 1932 300 1995 in
325 1931 493 2014 aliquibus
515 1934 680 1998 distantiis
703 1941 860 2016 apparent
881 1934 1026 2000 minores
1044 1933 1170 1998 moveri
1188 1933 1339 2015 pluribus

264 2041 415 2122 viribus3
443 2050 523 2108 tuno
552 2061 630 2124 orgo
663 2043 742 2124 quia
772 2061 823 2108 res
850 2045 968 2108 transit
999 2043 1209 2120 distantiam,
1240 2061 1341 2126 super

266 2169 365 2232 quam
394 2153 483 2218 mstis
513 2153 549 2218 in
581 2154 784 2235 temporibus
813 2153 1007 2235 aequalibus
1034 2154 1122 2222 eadit
1142 2171 1202 2234 per
1227 2151 1337 2234 plures

264 2263 369 2341 vites,
392 2281 492 2345 quam
513 2281 614 2346 super
634 2263 745 2341 illam,
768 2281 853 2346 quae
875 2263 1065 2342 estsimilis
1087 2263 1338 2344 magnitudinis,

265 2372 395 2438 videtur
415 2351 569 2440 velocior.

308 2484 432 2549 Debent
458 2485 561 2566 igitur
588 2484 652 2550 hae
680 2483 902 2550 dubitationes
930 2491 964 2550 et
991 2484 1040 2550 eis
1061 2483 1212 2560 similes,
1234 2491 1272 2548 ut
1292 2485 1340 2550 di·

266 2594 383 2670 ximus,
406 2595 485 2677 poni
506 2595 594 2660 infra
615 2595 786 2676 passiones
809 2600 842 2660 et
862 2593 1046 2659 arridentia
1062 2594 1237 2671 naturalia,
1255 2612 1339 2675 quaa

268 2705 422 2769 aooidunt
446 2706 568 2770 visibili
597 2707 732 2785 sensui3
759 2705 794 2768 in
823 2704 878 2768 his
900 2703 1013 2780 enim,
1034 2722 1095 2786 per
1116 2722 1200 2786 quae
1221 2706 1340 2770 veritas

266 2815 482 2892 diseemitur‚
512 2817 549 2878 fit
569 2815 721 2890 fabaria,
744 2833 829 2895 quae
854 2814 1017 2894 contingit
1038 2832 1077 2878 ex
1098 2815 1340 2884 diversitatibus

268 2941 352 3006 qnae
375 2925 460 2988 flunt
483 2925 523 2990 da
544 2925 625 3007 ipsis
646 2926 745 2990 rebus
767 2924 932 2988 subiectis.
958 2925 1103 2998 Quorum
1125 2933 1237 2990 autem
1259 2925 1342 2988 baee

267 3051 335 3098 non
365 3043 415 3100 est
444 3053 563 3111 eausa,
593 3035 652 3100 aad
678 3035 777 3099 salvis
805 3033 1058 3116 proprietatibus
1086 3051 1199 3110 rerum
1229 3034 1341 3098 subie-

265 3150 405 3221 ctarum,
429 3145 465 3208 flt
487 3147 565 3210 inde
580 3146 743 3226 quaedam
757 3143 961 3225 imaginatio,
977 3150 1010 3208 et
1027 3161 1144 3207 sensus
1159 3161 1227 3206 non
1243 3161 1339 3207 oom-

266 3255 442 3335 prehaudit
463 3274 515 3320 res
537 3256 694 3322 videndas
715 3257 805 3320 iuxta
826 3254 990 3328 rationem
1012 3259 1044 3317 ot
1064 3259 1219 3318 naturam
1234 3271 1340 3329 suam,

265 3365 396 3458 sedeat
423 3364 459 3427 in
488 3366 535 3430 sis
564 3365 666 3430 altera
694 3363 804 3446 passio
831 3362 882 3428 vel
911 3362 1085 3438 arridens,
1116 3380 1182 3442 quo
1209 3361 1343 3426 fallacia

265 3473 340 3553 fiat;
362 3492 461 3538 eausa
480 3482 531 3538 est
552 3473 682 3543 fallacia
703 3473 808 3556 ipsius
829 3473 930 3548 visus,
952 3479 986 3538 et
1007 3472 1167 3536 debemus
1190 3489 1265 3536 eam
1289 3491 1341 3538 re·

266 3581 350 3648 ferre
379 3585 543 3666 praesenti
571 3585 715 3666 capitulo
745 3585 883 3650 atinde
910 3582 1021 3664 loqui,
1045 3582 1228 3648 dividentes
1250 3581 1341 3665 prius

268 3699 300 3758 et
328 3694 496 3772 dieentes,
525 3696 614 3776 quod
644 3713 780 3770 rarum,
809 3713 848 3758 ex
875 3693 996 3774 quibus
1018 3693 1056 3756 fit
1076 3691 1230 3768 iallaeia,
1256 3692 1341 3758 aliae

266 3804 421 3868 accidunt
441 3805 527 3868 visrd
549 3823 587 3869 ex
608 3805 689 3886 ipsis
717 3805 815 3870 rebus
842 3803 1009 3878 videndis,
1032 3809 1065 3868 et
1087 3801 1171 3866 aliae
1197 3803 1340 3866 aliunde.

267 3912 409 3978 Fallacia
437 3914 558 3995 igitur,
588 3931 673 3995 quae
695 3914 733 3978 flt
754 3931 793 3977 ex
813 3932 850 3978 re
871 3913 1033 3989 videnda,
1056 3911 1175 3976 aoeidit
1196 3910 1231 3973 in
1253 3910 1342 3976 eolo-

267 4021 358 4088 ribus
380 4026 517 4104 quidam
539 4043 578 4090 ea
599 4029 674 4088 aetu
695 4022 831 4088 alterius
852 4023 902 4088 rei
923 4029 1053 4105 praeter
1073 4038 1146 4086 rem
1166 4019 1341 4086 videndam

264 4139 404 4199 tantum.
428 4135 466 4199 ln
488 4135 645 4200 omnibus
667 4141 779 4204 autem
801 4134 938 4216 reliquis
960 4134 1060 4202 rebus
1081 4131 1233 4198 videndis
1249 4130 1288 4194 iit
1302 4147 1341 4196 er
