3512 5456
426 623 487 689 tat

425 742 548 818 puncto
570 735 604 811 t,
628 743 661 799 et
682 735 745 799 erit
761 734 852 798 linea
873 736 910 820 ist
931 735 1090 817 copulans
1113 735 1273 798 terminos
1296 737 1441 811 formae,
1465 739 1499 798 et

424 848 508 910 situs
530 848 602 909 eius
625 849 688 910 erit
709 847 795 909 sicut
817 847 901 908 situs
923 848 980 909 alt.
1005 846 1086 919 Quia
1107 837 1208 925 igitur
1230 847 1316 908 sicut
1337 845 1430 926 prius
1450 845 1500 908 di-

424 957 550 1032 ximus,
574 957 730 1020 distantia
750 957 841 1019 visus
857 978 872 1018 a
895 975 913 1018 a
934 958 1066 1036 punctis
1081 957 1152 1030 z‚lt
1174 955 1271 1018 dehet
1289 973 1361 1018 esse
1377 973 1498 1035 aequa·

425 1067 482 1142 lis,
506 1074 538 1130 et
559 1067 675 1147 anguli
696 1067 935 1130 retractionum
959 1065 1124 1146 aequales,
1147 1065 1210 1128 erit
1229 1065 1386 1128 distantia
1400 1065 1432 1141 k,
1449 1076 1501 1128 ta

424 1184 575 1260 punctos
590 1177 749 1258 aequalis,
765 1184 797 1239 et
810 1182 971 1257 utraeque
986 1175 1094 1239 lineae
1110 1176 1167 1251 ke,
1182 1177 1217 1237 el
1232 1176 1317 1240 sicut
1331 1175 1440 1239 lineae
1455 1185 1511 1270 rt,

426 1287 472 1361 el,
488 1295 520 1350 et
534 1285 675 1366 angulus
691 1287 744 1350 tel
762 1288 847 1349 sicut
863 1284 1004 1366 angulus
1022 1288 1080 1348 tel.
1096 1285 1265 1364 Trianguli
1281 1303 1357 1365 ergo
1371 1287 1431 1360 eti,
1446 1285 1500 1347 alst

426 1397 597 1461 habebunt
617 1397 772 1476 aequales
793 1395 949 1476 angulos,
965 1402 998 1459 et
1012 1395 1126 1475 anguli
1140 1393 1269 1475 pe'nest
1291 1402 1387 1458 erunt
1399 1395 1500 1469 recti,

427 1514 459 1571 et
480 1507 571 1572 linea
589 1507 629 1569 tt
649 1507 873 1587 aequidistans
890 1505 999 1570 linoae
1014 1509 1075 1580 st,
1092 1512 1125 1590 et
1140 1506 1201 1569 erit
1215 1506 1383 1586 proportio
1398 1505 1445 1568 alt
1459 1507 1500 1568 ad

429 1616 467 1679 tt
488 1618 574 1679 sicut
596 1616 765 1697 proportio
787 1617 832 1677 dz
853 1617 894 1678 ad
917 1618 968 1691 td;
995 1621 1027 1677 et
1051 1615 1119 1677 iam
1141 1614 1442 1678 demonstravimus
1464 1614 1499 1676 in

346 1750 349 1755 ·
427 1725 633 1808 praetaxatis,
649 1725 738 1805 quod
754 1725 912 1805 possibile
926 1731 975 1787 est
989 1725 1187 1804 quandoque
1204 1741 1275 1786 esse
1289 1726 1335 1787 dr
1348 1724 1434 1786 sient
1447 1727 1501 1798 dt,

428 1843 461 1898 et
481 1836 679 1916 quandoque
702 1835 882 1907 minorem,
900 1835 1100 1916 quandoque
1116 1852 1194 1896 vero
1209 1835 1381 1898 maiorem.
1398 1833 1502 1898 Possi-

428 1945 497 2008 hile
515 1951 565 2007 est
581 1963 657 2024 ergo
681 1963 752 2007 esse
767 1946 813 2007 alt
827 1945 1027 2025 quandoque
1043 1945 1129 2007 siout
1141 1945 1193 2019 let,
1209 1945 1408 2024 quandoque
1423 1962 1502 2007 vero

429 2057 592 2118 maiorem
615 2062 647 2116 et
668 2055 868 2136 quandoque
891 2055 1067 2118 minorem.
1087 2055 1122 2116 Si
1135 2071 1214 2118 vero
1229 2055 1330 2117 fuerit
1345 2053 1504 2118 translata

428 2166 477 2228 alt
498 2165 539 2227 ad
561 2164 674 2227 locum
696 2165 747 2239 tt,
776 2173 808 2228 et
834 2167 919 2228 situs
948 2166 1020 2228 eius
1047 2164 1154 2247 fuerit·
1170 2164 1256 2227 sicut
1281 2164 1365 2227 situs
1391 2163 1500 2253 illius3
1613 2169 1616 2176 ’

431 2275 570 2354 angulus
594 2273 708 2353 utique
732 2274 791 2336 tet
812 2275 1013 2354 quandoque
1040 2274 1102 2336 erit
1127 2275 1212 2337 sicut
1238 2273 1380 2354 angulus
1402 2291 1501 2354 quem

430 2384 601 2446 subtendit
622 2386 684 2458 at,
706 2401 783 2446 oum
797 2383 900 2450 tuerit
915 2383 997 2445 situs
1012 2391 1044 2446 et
1059 2383 1215 2472 distantia
1231 2385 1304 2446 eiua
1319 2383 1406 2446 sicut
1419 2383 1503 2447 situs

431 2499 463 2557 et
485 2493 640 2555 distantia
662 2493 712 2568 tt,
735 2499 767 2556 et
788 2494 947 2573 aspicitur
968 2493 1039 2556 sine
1054 2493 1268 2566 refractione,
1286 2499 1318 2558 et
1335 2493 1504 2574 apparebit

431 2602 554 2665 visuie
583 2602 753 2683 aequalis,
782 2611 815 2666 et
843 2603 1041 2684 quandoque
1070 2603 1132 2666 erit
1159 2604 1265 2665 maior
1287 2609 1319 2666 et
1340 2603 1504 2666 videbitur

426 2713 560 2794 maior,
592 2691 792 2791 quandoque
824 2719 937 2776 autem
967 2713 1101 2788 minor,
1133 2719 1165 2776 et
1193 2697 1358 2776 videbitur
1385 2713 1503 2778 minor.

333 2875 336 2884 ,
433 2823 555 2886 Omnes
577 2823 676 2885 etiarn
700 2841 768 2897 res,
790 2841 934 2902 quarum
957 2823 1131 2886 distantiae
1149 2830 1336 2904 apunctoe
1355 2823 1503 2887 minores

432 2939 511 2996 sunt
533 2951 633 3013 quam
656 2934 815 2996 medietas
838 2933 1011 2996 distantiae
1034 2933 1139 2996 centri
1162 2933 1320 3014 sphaerae
1344 2934 1377 2995 in
1400 2931 1503 2997 altero

430 3043 571 3108 laterum
602 3043 748 3122 speculi,
782 3028 979 3107 conservant
1011 3043 1221 3117 distantiam,
1256 3061 1341 3124 quae
1373 3043 1505 3122 copulat

433 3154 594 3216 terminos
616 3153 873 3233 magnitudinis,
900 3152 1059 3217 maiorem
1083 3165 1184 3234 quam
1206 3153 1395 3217 distantiam
1419 3171 1503 3232 quae

433 3270 484 3327 est
505 3264 591 3327 inter
613 3264 771 3326 terminos
793 3264 929 3326 formae.

475 3374 512 3436 ln
524 3374 673 3454 speculis
692 3374 855 3447 concavis,
871 3391 947 3436 cum
962 3382 1052 3437 retro
1066 3393 1106 3437 ea
1120 3374 1220 3438 tuerit
1234 3375 1339 3437 forma
1353 3373 1403 3437 rei
1419 3391 1503 3453 quae

434 3484 467 3545 in
491 3483 539 3546 eis
559 3484 704 3557 videtur,
727 3491 785 3546 aut
806 3483 894 3546 inter
916 3501 955 3546 ea
976 3491 1009 3546 et
1030 3485 1153 3557 visum,
1175 3503 1228 3546 res
1250 3485 1365 3564 utique
1385 3490 1504 3557 rectae,

432 3610 511 3657 oum
533 3593 711 3656 habuerint
731 3593 834 3656 situm
852 3595 1056 3673 oppositum,
1072 3601 1231 3675 apparent
1244 3612 1418 3658 concavae.
1442 3595 1504 3656 llas

435 3710 546 3766 autem
567 3702 760 3777 circulares,
782 3721 920 3783 quarum
939 3703 1027 3767 latus
1042 3722 1223 3768 concavum
1239 3710 1288 3767 est
1302 3721 1417 3768 versus
1431 3691 1504 3784 spe·

434 3812 549 3878 culum
572 3818 604 3876 et
624 3812 788 3876 visibilem
812 3814 944 3877 radium
961 3815 1148 3888 retractum,
1162 3815 1316 3877 videntur
1330 3831 1507 3892 concavae;

435 3941 577 4004 quarum
608 3932 719 3987 autem
747 3924 888 3987 curvitas
917 3929 967 3988 est
994 3941 1110 3987 versus
1137 3924 1329 4004 speculum,
1357 3924 1505 4004 quando·

435 4052 500 4114 que
527 4033 680 4097 videntur
704 4019 893 4108 concavae,
924 4042 957 4098 et
985 4036 1184 4115 quandoque
1212 4042 1322 4097 rectae
1347 4040 1381 4098 et
1402 4051 1507 4114 quan·
1608 4105 1610 4110 .

435 4145 546 4224 doque
568 4161 698 4208 curvae.
