3550 5452
439 559 480 622 nt

439 685 525 748 quae
542 674 592 731 cet
606 669 790 730 extremitas
808 673 913 730 rectae
929 665 1050 743 lineae,
1064 668 1100 730 in
1115 671 1134 742 t,
1151 675 1184 731 et
1198 668 1305 732 forma
1318 667 1432 748 puncti
1445 671 1464 730 lc
1476 671 1512 734 in

438 797 481 854 cr,
493 785 526 840 et
536 777 644 840 forma
655 795 683 853 z,
695 795 782 858 quae
794 785 847 842 est
862 777 1048 840 extremitas
1061 795 1179 840 curvae
1191 776 1301 840 lineae
1311 777 1348 838 in
1359 797 1396 854 ις
1409 779 1516 844 forma

440 890 551 950 autem
572 889 594 949 lc
614 887 650 948 in
673 905 698 948 a.
720 885 931 948 Manifestum
953 893 1003 950 est
1025 904 1112 966 ergo,
1133 876 1230 967 quod'
1247 904 1286 949 ex
1308 887 1458 967 utrisque
1474 891 1515 952 si·

438 995 529 1058 milis
548 1001 693 1076 punctus
722 995 740 1058 t
766 995 938 1076 apparebit
959 995 995 1056 in
1016 994 1091 1058 loco
1119 997 1157 1070 i,
1180 997 1339 1075 quoniam
1361 996 1409 1059 ihi
1430 1015 1514 1060 con-

437 1103 578 1168 veniunt
603 1104 793 1186 superficies
826 1105 953 1184 speculi
984 1111 1016 1168 et
1040 1104 1182 1168 risibilis
1210 1105 1334 1168 radius.
1368 1105 1514 1170 Curetas

397 1195 401 1204 ⁴
439 1214 551 1300 autem
573 1215 860 1278 circumferentiae
880 1215 947 1296 cip
962 1222 1021 1278 est
1033 1233 1147 1278 versus
1164 1217 1271 1278 visum
1284 1233 1320 1290 c,
1338 1222 1372 1280 et
1384 1217 1513 1281 formae

440 1322 607 1388 linearum
624 1323 840 1404 simplicium,
854 1342 941 1404 quae
956 1331 1037 1387 sunt
1051 1341 1090 1386 cx
1107 1343 1175 1387 una
1188 1323 1291 1400 linea,
1304 1331 1385 1387 sunt
1398 1333 1517 1394 rursus

440 1451 510 1496 una
535 1433 626 1497 linea
652 1452 692 1502 ex
708 1451 781 1498 una
807 1436 928 1514 specie.
957 1435 1055 1496 Visus
1078 1451 1154 1513 ergo
1176 1433 1267 1498 videt
1290 1440 1451 1514 utrasque
1473 1434 1514 1496 li·

440 1545 537 1618 neas,
553 1562 638 1624 quae
654 1549 827 1607 transeunt
842 1561 903 1624 per
915 1551 1057 1624 punctos
1074 1545 1101 1618 t,
1115 1545 1145 1618 i,
1158 1562 1191 1606 m
1205 1550 1238 1607 et
1252 1551 1393 1624 punctos
1406 1563 1435 1620 s,
1449 1546 1480 1620 t,
1493 1563 1517 1608 ιι

440 1663 571 1728 cumas,
594 1655 682 1734 cum‘¹
693 1651 841 1719 habeant
860 1652 1024 1716 maiorem
1045 1652 1240 1716 curvitatem
1258 1669 1358 1732 quam
1373 1653 1515 1716 circum·

439 1763 579 1826 terenn'e
598 1763 673 1840 cip.
701 1762 825 1825 Tamen
841 1761 1109 1828 circumferentia
1128 1763 1190 1825 stc
1210 1762 1316 1842 magis
1337 1763 1401 1826 crit
1414 1777 1516 1828 curva

441 1889 542 1952 quern
557 1870 648 1947 lbra
661 1877 694 1934 et
707 1889 789 1933 cum
799 1871 924 1937 fuerint
936 1889 991 1936 res
1005 1871 1176 1953 oppositae
1190 1871 1286 1947 visui,
1302 1878 1335 1935 et
1347 1873 1518 1953 proportio

439 1978 605 2056 linearum
620 1980 821 2064 proclivium
835 1999 921 2061 quae
936 1983 1056 2044 exeunt
1070 1999 1092 2044 a
1105 1981 1277 2056 diametm,
1291 1981 1396 2044 fucrit
1407 1981 1516 2046 maior

440 2108 542 2170 quam
554 2089 751 2154 consimiles
773 2091 971 2166 alerectas,
984 2103 1063 2152 curu
1079 2091 1238 2170 aspicitur
1259 2090 1331 2170 ipsa
1349 2107 1402 2153 res
1416 2091 1515 2165 recte,

438 2197 529 2264 linea
542 2217 627 2279 quae
643 2200 761 2262 transit
773 2206 985 2280 perpunctos
996 2199 1017 2275 l,
1028 2201 1055 2272 t,
1066 2206 1210 2262 matesc
1221 2199 1448 2263 formalincac
1460 2201 1515 2262 tile
1604 2245 1612 2256 .

439 2317 568 2382 rectae,
591 2308 652 2370 erit
673 2325 783 2370 curva.
807 2307 965 2370 Similiter
988 2309 1088 2370 etiam
1103 2308 1204 2383 linea,
1220 2326 1305 2390 quae
1323 2309 1442 2371 transit
1455 2325 1515 2390 per

440 2423 582 2498 punctos
595 2435 633 2490 c,
647 2417 679 2491 b,
695 2435 725 2492 s,
747 2423 779 2479 et
789 2422 845 2480 ,est
858 2417 966 2479 forma
978 2417 1087 2482 lineae
1102 2419 1169 2480 alric
1183 2433 1312 2492 curvae,
1328 2419 1393 2480 erit
1404 2435 1514 2480 curva.

482 2529 527 2591 Ile
542 2527 633 2590 linea
648 2537 760 2591 autem
776 2545 861 2608 quae
876 2527 1044 2608 aspicitur,
1057 2527 1086 2589 si
1097 2528 1197 2590 fuerit
1209 2545 1360 2602 concava,
1373 2527 1515 2607 qualiter

441 2636 601 2718 passicile
622 2637 666 2732 sit
688 2645 727 2698 ut
744 2637 931 2698 secundum
953 2636 1171 2716 quantitatem
1197 2635 1417 2716 longitudinis
1441 2655 1516 2717 per·

322 2759 326 2766 “
364 2829 367 2833 Ι
439 2745 664 2827 pandiculeris
678 2745 826 2808 cadentis
841 2743 1062 2819 interlineas,
1078 2763 1162 2825 quae
1178 2745 1349 2808 continent
1362 2744 1514 2824 circulos,

437 2856 546 2918 forma
568 2853 640 2918 eius
658 2855 857 2936 quandoque
874 2860 1036 2936 appareat
1050 2872 1152 2917 curva
1174 2861 1206 2917 et
1221 2855 1422 2935 quandoque
1440 2873 1516 2918 con·

440 2984 520 3030 cava
535 2972 569 3030 ct
581 2965 782 3046 quandoque
791 2971 896 3040 recta,
908 2970 1017 3045 potest
1026 2963 1075 3026 sic
1087 2965 1315 3028 demonstrari.
1326 2967 1401 3027 llsto
1412 2964 1515 3033 sceno

440 3073 557 3138 circuli
574 3075 609 3140 in
628 3091 727 3138 curro
743 3073 881 3154 speculo
896 3075 970 3151 cip.
981 3071 1050 3156 (sep
1062 3072 1134 3156 et),
1150 3073 1248 3136 cuirrs
1263 3079 1414 3136 centrum
1427 3073 1473 3138 sit
1482 3076 1515 3148 d,

440 3193 473 3250 et
487 3186 576 3248 risus
597 3205 628 3260 c,
639 3182 987 3265 et-perpendicularis
1009 3184 1090 3258 aial,
1112 3189 1144 3247 et
1159 3182 1365 3248 describatur
1379 3183 1516 3246 circum-

442 3295 584 3358 ferentia
603 3293 720 3356 circuli
743 3293 908 3359 transiens
932 3309 993 3373 per
1013 3299 1154 3372 punctos
1182 3309 1224 3377 cp
1251 3299 1284 3354 et
1305 3309 1420 3355 secans
1442 3309 1514 3372 par·

439 3401 687 3484 pendicularem
709 3403 762 3477 tc,
785 3421 870 3482 qnae
886 3402 929 3464 sit
944 3421 1028 3480 cap,
1048 3408 1081 3464 et
1096 3403 1271 3464 sumantur
1287 3419 1308 3462 a
1320 3400 1479 3464 lateribus
1493 3421 1522 3465 a

439 3515 525 3580 duae
547 3510 703 3592 aequales
718 3510 1016 3585 circumferentiae,
1034 3517 1066 3574 et
1078 3511 1147 3572 sint
1160 3513 1216 3586 sla,
1227 3520 1274 3586 ιι,
1285 3518 1320 3574 et
1333 3510 1515 3590 refringan-

440 3631 495 3686 tur
440 3622 552 3686 tad
565 3625 595 3697 li,
610 3631 620 3682 t
639 3621 705 3684 dno
720 3621 805 3682 redii
819 3639 839 3683 a
852 3627 1004 3700 punctae
1019 3621 1061 3686 ad
1072 3619 1229 3699 aequales
1242 3619 1392 3700 angulos,
1404 3627 1438 3683 et
1447 3618 1517 3682 sint

439 3731 515 3805 ιιι,
535 3733 595 3805 eit,
618 3738 651 3794 et
671 3730 868 3810 copulentur
889 3731 942 3804 dt,
959 3732 1017 3804 clla,
1040 3737 1073 3792 et
1087 3729 1268 3808 iungantur
1282 3729 1452 3804 linerselc
1458 3733 1514 3802 ct,

440 3859 518 3938 cnm
539 3840 663 3904 fuerint
684 3839 862 3919 productae
885 3838 927 3902 ad
949 3847 1088 3923 punctos
1103 3857 1149 3914 m,
1163 3858 1194 3902 ιι.
1217 3839 1389 3902 videbitur
1404 3841 1516 3918 ergclc

328 3968 340 3989 ·
441 3935 476 4013 in
491 3958 571 4014 met
586 3961 597 4014 t
618 3949 654 4014 in
670 3969 709 4025 a,
726 3949 842 4029 puncti
857 3957 913 4030 aut
913 3968 1003 4012 ema
1009 3970 1050 4030 ,p
1068 3949 1293 4012 videbuntur'
1284 3967 1320 4011 ιιι
1327 3947 1418 4012 locis
1434 3949 1513 4010 suis.

441 4059 600 4128 Possiliile
623 4079 755 4140 quoque
778 4067 828 4124 est
849 4065 989 4140 punctos
1003 4080 1050 4136 ιι,
1064 4079 1085 4120 c
1108 4059 1310 4138 quandoque
1333 4076 1404 4122 esse
1427 4056 1515 4121 inter
