3550 5452
394 645 397 660 ·
450 617 509 682 loa

444 728 556 792 bitrati
571 726 731 790 fuerimus
746 729 906 807 punctum
922 724 938 786 t
955 741 1026 788 esse
1042 736 1142 806 super
1155 722 1340 788 sectionem
1356 719 1474 788 circuli
1488 722 1524 788 in

446 855 587 905 concavo
603 835 749 919 speculo,
763 843 796 900 et
810 835 1022 916 superficiem
1036 836 1098 898 itta
1111 833 1260 898 volutam
1276 851 1347 897 esse
1360 835 1449 896 circa
1460 834 1525 897 din·

444 957 589 1012 metrum
610 949 668 1022 db,
690 948 730 1010 ab
750 945 906 1011 omnibus
928 945 1042 1026 utique
1059 945 1207 1026 partibus
1223 943 1339 1008 circuli
1353 943 1523 1008 constituti

444 1075 504 1139 per
525 1057 867 1138 circumscriptionem
888 1056 1003 1138 puncti
1026 1056 1037 1118 l
1058 1055 1254 1134 refringetur
1274 1054 1387 1118 radicis
1409 1053 1451 1118 cd
1471 1071 1524 1118 ae·

444 1168 558 1249 quales
582 1167 718 1248 angulos
740 1168 828 1231 inter
848 1172 988 1248 punctos
1010 1167 1069 1240 ab,
1092 1172 1125 1228 et
1146 1171 1244 1228 erunt
1265 1165 1389 1245 figurae
1412 1175 1525 1228 rerum

371 1284 381 1306 ⁹
442 1277 658 1342 videndarum
679 1278 715 1340 in
738 1276 931 1340 huiusmodi
952 1275 1026 1340 loco
1048 1293 1148 1356 super
1164 1274 1289 1356 speculi
1303 1272 1522 1356 superficiem.

443 1387 544 1453 linea
576 1387 668 1450 enim
700 1405 787 1468 quae
818 1385 965 1468 procedit
993 1403 1013 1449 a
1044 1399 1080 1449 re
1108 1383 1251 1450 videnda
1272 1391 1305 1448 et
1327 1383 1446 1446 transit
1465 1399 1525 1470 per

444 1499 554 1562 risum
590 1503 624 1560 et
653 1493 807 1579 'pervenit
844 1497 886 1560 ad
924 1494 1122 1577 speculum,
1159 1501 1209 1558 est
1242 1493 1524 1576 perpendicularis

444 1623 545 1690 super
564 1608 755 1690 speculum3
783 1614 816 1672 et
840 1607 916 1672 ide'o
939 1607 1128 1672 coniunctio
1151 1605 1335 1681 linearum,
1358 1605 1522 1686 adquam

443 1719 481 1783 fit
508 1721 637 1796 forme,
672 1737 803 1801 semper
835 1725 885 1784 est
915 1736 1014 1800 super
1033 1719 1146 1800 ipsum
1167 1719 1295 1792 visum,
1322 1717 1391 1781 sive
1413 1716 1522 1780 ameti-

443 1831 644 1895 maverimus
673 1830 783 1894 visum
813 1848 883 1895 esse
912 1847 1013 1912 penes
1034 1823 1196 1912 punctum
1217 1847 1257 1905 a,
1280 1828 1347 1892 siro
1370 1821 1472 1910 penes
1492 1828 1523 1892 b.

418 1932 422 1942 ⁴
446 1943 655 2005 comantem
674 1941 819 2005 difficilis
842 1942 884 2006 sit
906 1948 1057 2023 aspectus
1071 1939 1218 2004 adhunc
1239 1939 1365 2013 locum,
1387 1939 1524 2002 vertitur

403 2118 404 2122 ,
443 2051 643 2116 sensibilitas
667 2053 707 2116 ad
729 2051 956 2133 superficiem,
983 2051 1023 2114 de
1046 2069 1113 2132 qua
1133 2049 1171 2114 iit
1187 2049 1417 2125 reverberatio,
1432 2055 1465 2112 et
1478 2049 1523 2116 ita

444 2163 605 2243 attingens
627 2161 801 2243 speculum
818 2161 955 2244 suscipit
968 2161 1111 2226 formam
1126 2179 1146 2224 a
1160 2159 1234 2226 loco
1252 2177 1324 2236 ruo,
1337 2159 1399 2224 ubi
1415 2159 1523 2224 iuerat

443 2272 661 2335 mutuationis
684 2273 794 2336 modo.

486 2375 646 2447 Similiter
663 2383 764 2446 etiam
783 2391 816 2446 ct
832 2381 943 2447 locum
958 2382 993 2448 in
1009 2401 1075 2465 quo
1092 2389 1293 2464 apparet-et
1306 2383 1381 2446 ideo
1396 2380 1530 2476 coloro

442 2491 634 2556 huiusmodi
654 2493 837 2573 figurarum
859 2511 936 2556 oum
951 2490 1075 2557 fuerint
1091 2491 1130 2560 in
1142 2511 1263 2573 magne
1279 2493 1448 2569 distantia,
1465 2499 1523 2557 aut

443 2619 512 2665 non
530 2603 702 2666 habebunt
719 2603 856 2667 interce
874 2612 905 2667 et
919 2603 1044 2668 colores
1063 2604 1274 2685 speculorum
1289 2604 1521 2677 diversitatem.

444 2720 501 2778 aut
520 2714 634 2794 exigue
652 2715 689 2777 iit
706 2715 793 2778 inter
811 2733 866 2778 eos
883 2715 1062 2778 diversitas.
1084 2716 1166 2778 oum
1187 2713 1280 2778 enim
1302 2715 1520 2780 consideratio

444 2843 561 2888 eorum
582 2845 651 2888 non
673 2827 712 2889 fic
732 2826 767 2889 in
790 2826 921 2906 proprio
943 2823 1034 2901 loco,
1057 2832 1091 2889 ot
1110 2825 1200 2888 virm
1221 2824 1339 2888 debilis
1361 2825 1405 2887 sit
1425 2824 1519 2888 inve·

444 2935 559 2998 niendi
576 2934 688 2998 l'ooum
707 2935 796 3011 eius,
812 2937 950 2999 vertitur
967 2935 1009 3000 ad
1025 2934 1138 2998 locum
1156 2935 1427 3016 propinquiorem
1441 2951 1520 3016 spe·

348 3033 353 3042 ’
443 3045 537 3120 culo,
560 3047 618 3128 qui
641 3053 691 3110 est
711 3045 767 3110 ills
794 3044 904 3120 locus,
926 3063 993 3126 quo
1015 3051 1158 3126 apparet.
1192 3055 1195 3064 ’

487 3156 586 3220 Decet
602 3164 714 3220 autem
733 3174 795 3220 nos
810 3162 883 3236 post
898 3157 980 3220 haec
1002 3155 1209 3220 considerare
1231 3153 1320 3230 loca,
1342 3155 1376 3219 in
1400 3153 1520 3236 quibus

444 3285 483 3333 ec
501 3285 586 3347 quae
604 3267 774 3341 videntur,
790 3266 877 3329 liunt
892 3284 931 3329 ex
945 3267 1048 3330 tribus
1062 3266 1381 3332 reverberationibus
1396 3266 1437 3330 ab
1452 3283 1521 3330 una

444 3378 601 3451 sectione,
624 3395 701 3440 cum
721 3377 812 3440 visus
834 3377 933 3440 tuerit
955 3395 1055 3459 super
1075 3384 1214 3459 punctos
1232 3377 1423 3459 praedictos.
1446 3377 1520 3440 licto

443 3486 585 3550 circulus
607 3489 672 3567 obp
697 3487 760 3566 (fig.
778 3485 849 3564 44),
871 3489 966 3552 cuius
988 3496 1141 3552 connum
1158 3488 1202 3552 sit
1218 3491 1253 3564 d,
1273 3495 1306 3551 et
1318 3489 1519 3569 producatur

441 3615 521 3676 oco,
544 3604 575 3664 et
596 3597 806 3678 protrahatur
823 3597 1103 3680 perpendicularis
1115 3601 1195 3675 deb,
1211 3604 1245 3664 et
1258 3605 1403 3680 ponetur
1415 3597 1517 3662 sectio

443 3708 506 3788 obp
526 3709 561 3770 in
576 3707 713 3789 ¹speculo
730 3725 884 3785 concavo,
899 3713 932 3774 et
946 3709 1013 3773 sint
1027 3727 1127 3792 super
1140 3709 1265 3774 lineam
1280 3729 1340 3790 aeq
1356 3707 1421 3773 duo
1436 3727 1520 3791 pun·

443 3819 500 3894 cti,
523 3829 665 3899 quorum
688 3818 771 3884 alter
791 3821 834 3884 sit
854 3839 873 3883 z
895 3821 1084 3898 eteberi,
1106 3820 1155 3884 ita
1176 3821 1266 3902 quod
1289 3821 1441 3897 circinus,
1459 3820 1520 3901 qni

443 3929 639 3994 describitur
661 3941 761 4011 super
782 3947 837 3993 eos
860 3939 894 3995 et
910 3949 1009 4013 super
1025 3939 1187 4014 punctum
1203 3934 1239 4008 d,
1258 3931 1301 3994 sit
1317 3939 1357 3996 ut
1372 3930 1517 3994 cuculus

443 4039 521 4116 trit,
555 4055 668 4104 secans
696 4057 967 4122 unamquamque
996 4043 1037 4108 de
1070 4042 1344 4112 circumferentiis
1376 4043 1435 4118 ab,
1462 4042 1519 4122 by,

443 4157 474 4213 et
487 4151 720 4232 protrahentur
737 4151 937 4228 brenensi,
955 4154 1053 4230 dim,
1070 4161 1103 4218 et
1116 4159 1260 4235 ponatur
1273 4154 1420 4235 prius-ze
1433 4152 1520 4216 sicut
