3512 5456
1241 588 1297 652 121

228 704 290 774 est,
312 697 513 779 refringatur
539 699 651 763 radius
673 709 750 775 cta,
773 707 807 764 et
828 696 1029 780 copulentur
1058 699 1164 764 lineae
1197 701 1300 775 tcta,

226 808 287 884 fro,
307 808 360 872 lez.
383 809 546 884 Quoniam
564 826 641 890 argo
659 809 926 874 circumferentia
946 812 992 874 cri
1012 810 1119 874 maior
1133 816 1184 874 est
1199 827 1299 890 quam

227 919 492 984 circumferentia
513 922 571 994 dc,
594 920 659 982 erit
680 918 821 999 angulus
846 919 916 984 cled
941 907 1191 1000 maior'angulo
1218 920 1299 984 dte.

227 1009 338 1092 liestet
359 1045 436 1110 orgo
459 1029 601 1110 angulus
622 1029 685 1093 att
706 1030 813 1094 maior
836 1029 957 1111 angulo
978 1031 1056 1106 alta·
1079 1036 1111 1094 et
1130 1031 1158 1092 si
1173 1049 1297 1113 posue·

227 1136 333 1202 rimus
355 1138 514 1218 angulum
534 1139 594 1202 tlcz
615 1145 652 1201 ut
674 1139 833 1220 engrssum
851 1139 928 1214 tica,
944 1118 977 1204 et
993 1145 1063 1203 tum
1078 1145 1212 1221 propter
1225 1141 1299 1216 hcc,

228 1254 300 1312 tum
322 1248 403 1329 quia
428 1248 541 1329 anguli
571 1265 673 1330 penes
695 1259 707 1312 t
734 1249 888 1329 aequales
911 1255 1002 1324 sunt,
1029 1257 1062 1313 et
1083 1249 1170 1313 latus
1192 1250 1229 1313 fet
1251 1257 1302 1314 est

227 1375 406 1422 commune
420 1359 509 1422 inter
522 1358 703 1439 triangulos
717 1360 791 1435 leta,
807 1358 878 1434 tcta,
894 1360 956 1437 erjt
969 1360 1087 1439 utique
1104 1370 1137 1423 ta
1151 1361 1237 1424 sicut
1252 1371 1301 1437 tc,·

228 1469 291 1532 erit
312 1486 446 1549 quoque
473 1479 510 1532 ts
538 1469 646 1534 maior
672 1487 773 1550 quarn
804 1479 859 1545 tc,·
889 1469 1030 1552 angulus
1054 1487 1131 1550 ergo
1154 1482 1216 1535 toz
1238 1471 1302 1535 erit

228 1579 334 1644 maior
347 1578 469 1660 angulo
486 1589 552 1644 tac.
566 1579 701 1660 Propter
715 1579 779 1642 hoc
791 1580 900 1658 igitur,
913 1585 945 1642 et
957 1579 1037 1658 quia
1051 1575 1164 1659 anguli
1176 1590 1301 1660 penest

227 1697 306 1754 sunt
320 1687 488 1770 aequum,
501 1695 602 1753 restat
615 1689 756 1770 angulus
769 1691 823 1753 tta
835 1690 973 1752 obtusus
988 1689 1098 1754 minor
1112 1689 1234 1770 angulo
1246 1693 1300 1754 tta

228 1806 336 1874 acuto,
346 1800 436 1880 quod
448 1798 571 1865 falsum
583 1805 642 1864 est.
653 1800 723 1864 Non
735 1817 811 1882 ergo
822 1799 1013 1879 refringitur
1021 1808 1079 1863 cta
1091 1800 1130 1862 ad
1143 1800 1300 1879 aequales

227 1910 377 1991 anmatos.
399 1909 560 1974 Similiter
581 1910 681 1973 etiam
700 1910 990 1988 demonstrabitur,
1006 1910 1140 1989 quodsi
1157 1916 1300 1991 punctus

147 2003 150 2008 ⁵
227 2037 247 2083 c
269 2029 356 2084 esset
377 2027 468 2085 extra
489 2020 669 2094 circulum,
692 2038 759 2082 non
778 2020 941 2083 accideret
955 2020 1185 2084 reverberatio.
1210 2021 1299 2084 Unde

226 2129 343 2194 leviter
357 2131 578 2211 dignoscatur,
594 2131 684 2210 quod
700 2149 776 2194 cum
792 2129 996 2210 impossibile
1012 2132 1055 2192 sit
1068 2130 1300 2194 refractionem

226 2241 298 2304 fleri
322 2241 363 2306 ad
384 2240 540 2322 aequales
563 2239 702 2321 angulos
724 2241 812 2304 inter
834 2257 887 2302 res
910 2239 1103 2303 huiusmodi
1123 2241 1225 2303 situm
1241 2241 1300 2304 ha·

225 2350 359 2426 bentea.
380 2352 472 2416 visus
494 2365 563 2416 non
581 2351 832 2432 comprehendit
851 2367 923 2414 rem
946 2350 1102 2430 positam,
1118 2367 1180 2414 nec
1193 2352 1300 2414 forma

227 2443 291 2526 erit
311 2464 376 2538 rei,
399 2480 476 2526 cum
491 2480 558 2526 non
575 2460 869 2542 comprehenditur
889 2477 1002 2524 sensu.
1026 2461 1062 2524 In
1086 2461 1139 2524 his
1163 2461 1298 2540 quidem

226 2589 311 2652 quae
335 2572 489 2636 accidunt
509 2572 545 2636 in
568 2571 741 2652 speciebus
763 2570 1000 2634 refractionum
1024 2578 1056 2633 et
1077 2569 1159 2633 loeis
1177 2571 1212 2632 in
1229 2571 1302 2650 qul-

225 2682 288 2746 bus
310 2683 440 2764 formae,
457 2687 640 2764 apparent,
668 2681 835 2746 sufficient
857 2699 942 2761 quae
965 2681 1005 2744 de
1027 2680 1298 2746 distinctionibus

224 2809 340 2856 eccum
361 2792 516 2856 diximus.

266 2903 344 2966 Post
365 2901 449 2968 haec
471 2908 582 2966 autem
605 2909 733 2981 eportet
755 2918 817 2963 nos
840 2902 1040 2982 perscrutari
1064 2919 1179 2965 omnes
1198 2902 1302 2966 diver·

226 3014 338 3076 sitates
367 3030 478 3076 rerum
506 3013 746 3084 videndarum,
775 3011 1046 3091 unamquamque
1072 3011 1222 3074 videlicet
1250 3030 1300 3076 se·
1334 2995 1335 3000 ἵ

224 3124 357 3196 metim,
379 3131 411 3186 et
431 3123 526 3186 cuius
549 3123 656 3186 forma
678 3128 727 3184 est
748 3129 837 3184 extra
858 3121 1050 3200 speculum,
1074 3128 1107 3182 et
1128 3122 1225 3183 cuius
1249 3131 1299 3184 est

224 3232 311 3296 inter
332 3232 505 3314 speculum
529 3238 561 3295 et
581 3232 812 3312 aspicientem,
836 3247 903 3292 non
928 3231 1111 3292 secundum
1129 3231 1298 3305 accidens,

225 3342 284 3405 sed
306 3343 491 3408 secundum
514 3343 692 3406 essentiam
715 3359 811 3404 suam
834 3349 867 3403 et
887 3358 975 3404 vere.

265 3453 385 3516 Forma
406 3467 483 3532 ergo
505 3452 540 3514 in
564 3453 716 3516 concavis
738 3451 882 3533 speculis
906 3467 983 3514 cum
1005 3450 1104 3514 fuerit
1121 3457 1208 3514 retro
1225 3469 1298 3533 spe·

221 3560 358 3637 culum,
386 3562 450 3626 erit
478 3562 634 3626 distantia
655 3561 703 3626 rei
726 3560 888 3625 videndae
915 3561 1026 3625 minor
1048 3579 1149 3642 quam
1172 3561 1296 3625 disten·

114 3743 120 3756 ,
221 3671 268 3736 tia
288 3672 414 3738 formae
436 3691 534 3748 suae,
557 3673 585 3735 sl
607 3673 699 3736 vicus
722 3672 981 3737 constitueretur
1000 3671 1296 3753 retrospeculum.

220 3783 295 3848 Esto
316 3782 420 3848 sectio
442 3783 581 3859 circuli,
604 3783 663 3863 qui
684 3784 719 3846 in
742 3799 884 3848 concavo
907 3781 1062 3862 speculo,
1086 3790 1118 3846 et
1138 3783 1183 3846 sit
1203 3782 1298 3862 abaci

221 3891 291 3973 (fic.
315 3891 353 3956 ct
367 3898 398 3970 t,
430 3895 527 3960 cuius
555 3900 707 3958 centrum
730 3893 822 3967 site,
852 3902 885 3956 et
904 3893 995 3958 visus
1017 3898 1160 3975 punctus
1183 3911 1216 3968 z,
1239 3910 1293 3956 res

223 4019 356 4085 quoque
378 4004 522 4070 videnda
542 4011 685 4086 punctus
707 4006 743 4080 tt,
767 4005 808 4068 ad
831 4020 931 4084 quem
953 4003 1152 4084 refringatur
1172 4020 1231 4083 per
1246 4020 1297 4067 ae·

224 4112 340 4194 quales
364 4112 501 4196 angulos
523 4114 636 4178 radius
658 4115 744 4190 able,
766 4121 798 4178 et
820 4115 1031 4196 protrahetur
1049 4115 1147 4192 cbpt,
1171 4120 1203 4178 et
1225 4113 1297 4176 iun·
