3550 5452
457 604 496 665 50

451 713 605 793 passione
627 728 713 792 quae
736 711 855 775 accidit
866 693 907 774 ¹in
924 688 1013 789 ’'visu3
1037 713 1072 776 in
1091 711 1378 792 magnitudinibus
1392 713 1529 794 quidem

453 828 487 886 e't
513 801 629 902 figuris
657 821 778 886 accidit
799 839 840 885 ex
861 829 1006 902 utreque
1019 822 1135 910 specie
1157 823 1348 898 fractionis,
1376 821 1412 885 in
1433 829 1529 886 motu

452 938 564 994 sutem
579 931 700 994 accidit
714 948 753 994 ex
768 930 989 1007 revolutione;
1009 933 1048 998 ex
1063 931 1328 996 reverberatione
1345 933 1485 1013 quidem
1496 940 1531 995 et

451 1039 602 1114 flexione,
623 1056 710 1119 quae
732 1046 812 1103 sunt
826 1041 952 1120 species
968 1039 1150 1115 fractionis,
1165 1040 1284 1104 accidit
1298 1058 1374 1102 oum
1391 1040 1532 1121 specula

452 1155 509 1211 aut
528 1166 593 1223 res,
617 1166 702 1232 quae
723 1149 817 1212 visus
840 1127 998 1230 penetrat,
1015 1167 1083 1212 non
1098 1149 1226 1212 luerint
1240 1149 1348 1231 plana.
1369 1150 1421 1212 Fit
1436 1149 1528 1214 eniin

450 1257 536 1321 illud
554 1275 592 1322 ex
609 1258 768 1322 curvitate
784 1265 817 1322 et
831 1259 1034 1330 concavitate
1052 1259 1252 1339 superficiei,
1271 1259 1431 1340 quoniam
1449 1277 1540 1324 cum-

451 1366 575 1448 anguli,
587 1385 671 1448 quos
683 1368 809 1432 lormae
823 1385 936 1430 rerum
948 1368 1163 1443 subtendunt,
1174 1368 1303 1431 luerint
1316 1369 1459 1432 maiores
1471 1374 1529 1432 aut

450 1476 598 1541 minores
619 1477 751 1558 angulis
773 1478 1023 1542 continentibus
1045 1494 1129 1552 rem,
1145 1495 1231 1557 quae
1246 1493 1323 1542 vere
1338 1478 1478 1553 videtur,
1492 1484 1526 1542 et

451 1585 608 1652 distantia
628 1586 730 1650 luerit
750 1587 907 1650 distamia
929 1587 994 1661 rei,
1018 1604 1104 1667 quae
1125 1593 1213 1650 recte
1234 1587 1376 1663 videtur,
1391 1587 1429 1650 fit
1446 1587 1525 1650 inde

448 1695 556 1760 forma
571 1697 621 1760 rei
636 1696 744 1759 maior
760 1695 813 1760 vel
827 1696 948 1771 minor,
964 1713 1065 1775 quam
1076 1706 1155 1759 vera
1167 1697 1336 1775 quantitas
1346 1697 1454 1777 ipsius
1466 1697 1525 1760 rei.

450 1805 534 1869 ltem
558 1805 772 1887 particulares
801 1805 903 1879 radii,
931 1805 989 1886 qui
1017 1823 1118 1886 penes
1146 1807 1290 1870 formam
1316 1807 1367 1870 rei
1393 1784 1523 1886 disgre-

450 1923 587 1996 gantur,
609 1932 687 1978 cum
710 1915 835 1978 luerint
858 1914 1026 1995 longiores
1050 1913 1105 1978 vel
1130 1915 1299 1980 breviores
1325 1916 1442 1990 radiis,
1465 1917 1525 1996 qui

449 2025 573 2090 cadunt
594 2042 695 2106 super
715 2024 824 2106 ipsam
844 2041 916 2088 rem
937 2042 1066 2099 teram,
1089 2041 1174 2104 quae
1196 2031 1283 2088 recte
1299 2033 1435 2106 apparet
1447 2026 1525 2110 inde

448 2140 582 2216 propter
591 2135 921 2215 praelatamcausam
985 2134 1127 2216 figuram
1138 2133 1265 2198 iornrae
1278 2134 1452 2198 dissimilis
1463 2134 1526 2208 illi,

450 2245 547 2310 cuius
569 2252 619 2308 est
639 2246 757 2308 forma.
779 2245 847 2308 Hac
869 2245 970 2308 ctiam
992 2244 1032 2308 do
1055 2232 1286 2308 causa'rectae
1306 2243 1426 2323 linens,
1441 2261 1526 2336 quipe

450 2339 606 2436 apparent
633 2341 722 2418 retro
750 2371 821 2418 rem
851 2371 953 2435 qnam
985 2353 1077 2416 visus
1106 2359 1274 2433 penetrat,
1302 2371 1381 2418 cnm
1410 2370 1525 2433 super·

338 2454 346 2469 '
448 2462 542 2526 ficies
567 2464 672 2544 ipsius
696 2462 746 2527 rei
772 2481 842 2527 non
869 2464 969 2528 brerit
990 2461 1107 2544 plena,
1129 2469 1288 2543 apparent
1308 2480 1378 2525 non
1400 2469 1527 2539 rectacr
1579 2469 1581 2474 '

448 2572 562 2636 radius
584 2573 674 2636 enim
696 2573 824 2638 fractus.
840 2581 921 2636 tunc
942 2591 1009 2638 non
1033 2573 1134 2636 habet
1155 2573 1326 2650 ordinem;
1357 2591 1426 2636 non
1447 2590 1524 2652 ergo

449 2682 544 2746 cadat
571 2699 671 2763 super
696 2699 768 2745 rem
794 2682 971 2746 videndam
999 2699 1018 2744 a
1044 2689 1167 2763 puncto
1189 2683 1221 2746 ci
1243 2681 1404 2762 opposito,
1426 2682 1484 2744 sed
1506 2699 1526 2743 a

448 2798 569 2872 puncto
586 2791 733 2854 diversae
749 2790 932 2872 positionis,
951 2791 1047 2855 etsie
1065 2791 1172 2855 forma
1189 2799 1327 2872 apparet
1342 2809 1409 2854 non
1425 2798 1522 2866 recta,

447 2899 592 2962 licet-sit
612 2906 711 2964 recta.
738 2901 866 2963 Rursus
892 2917 970 2964 cum
997 2900 1097 2964 luerit
1123 2918 1195 2974 res,
1218 2918 1324 2984 quarn
1348 2887 1441 2964 visus
1462 2917 1521 2982 pe-

448 3015 574 3092 netrat,
593 3009 708 3089 plana,
730 3016 762 3073 et
783 3008 869 3073 illud
890 3012 980 3090 quod
1000 3011 1037 3072 in
1061 3027 1101 3073 ea
1121 3007 1266 3085 videtur,
1288 3016 1430 3082 rectum,
1448 3026 1523 3090 pars

322 3175 326 3183 .
447 3135 583 3200 quoque
610 3119 761 3182 eiusdem
788 3119 838 3182 rei
866 3120 1025 3183 videndae
1046 3118 1146 3182 fuerit
1168 3127 1275 3194 extra,
1297 3119 1385 3182 sicut
1405 3118 1525 3182 accidit

447 3229 482 3290 in
506 3229 623 3305 remis,
647 3229 684 3290 dt
710 3228 925 3308 imaginatio,
954 3217 1044 3308 quod
1071 3229 1143 3308 ipsa
1169 3247 1222 3292 res
1251 3229 1294 3292 sit
1318 3203 1441 3306 fracto3
1466 3247 1521 3292 es·

446 3340 549 3401 terior
570 3338 659 3400 enim
681 3355 757 3418 pers
777 3338 909 3402 videtur
929 3339 963 3400 in
987 3338 1061 3403 loco
1085 3355 1146 3400 suo
1168 3355 1259 3414 vere3
1280 3338 1419 3402 interior
1435 3354 1522 3411 vero,

446 3464 531 3526 quae
557 3452 607 3510 est
631 3446 667 3508 in
692 3464 844 3526 corpore,
873 3448 964 3528 quod
992 3448 1083 3510 visus
1106 3454 1270 3527 penetrat,
1291 3445 1336 3509 in
1351 3448 1425 3512 loco
1447 3465 1520 3528 pro·

445 3555 616 3636 pinquiori
637 3555 843 3646 superficiei,
865 3557 906 3620 de
928 3573 994 3636 qna
1016 3555 1053 3619 fit
1075 3557 1182 3620 llerio.
1202 3557 1275 3618 Non
1292 3573 1370 3638 ergo
1385 3574 1522 3639 appare·

444 3666 529 3736 bunt
550 3665 734 3744 praedictae
757 3673 918 3746 utraeque
941 3673 1047 3745 partes
1069 3666 1117 3730 rei
1141 3665 1303 3731 videndae
1318 3673 1428 3730 rectae
1440 3684 1519 3729 con·

445 3774 552 3846 tinne,
574 3775 633 3837 sed
654 3791 707 3836 res
728 3745 895 3838 videbitur
916 3775 1031 3838 fracta.

483 3883 692 3947 Particularis
714 3891 825 3948 autem
848 3886 1009 3947 continua
1029 3885 1191 3948 revolutio
1214 3884 1354 3948 visibilis
1376 3882 1460 3948 radii
1480 3903 1541 3956 ο·Ι

444 3995 570 4083 stendit
586 4011 658 4055 rem
677 3993 868 4069 videndam,
886 4003 1056 4075 tamquam
1074 3993 1101 4056 si
1118 4002 1317 4070 moveretur,
1333 3996 1390 4057 sed
1404 3993 1520 4056 huius·

444 4103 533 4165 modi
557 4101 720 4167 vacillatio
743 4104 827 4168 lortc
851 4103 888 4166 iit
910 4104 944 4166 in
968 4104 1130 4185 principio
1154 4104 1260 4179 visus,
1283 4110 1320 4166 ut
1341 4103 1461 4167 accidit
1483 4103 1517 4164 in
1556 4099 1560 4105 ’
