3512 5456
436 595 498 663 tta
759 655 761 662 ,

436 711 570 792 quidem
600 727 685 792 quae
713 715 801 773 recte
828 707 1002 781 videntur,
1030 708 1068 770 fit
1089 706 1260 770 diversitas
1282 707 1502 787 expositione

434 819 532 887 faciei
553 822 595 886 ad
616 822 749 895 faciem,
771 827 805 883 et
827 818 1041 883 translatione
1065 819 1135 882 eius
1158 825 1340 882 retrorsum
1362 826 1502 892 tantum,

412 913 519 998 ⁸sicut
539 931 856 1006 demonstravimus,
885 930 973 1009 quod
996 928 1113 992 accidit
1141 930 1177 991 in
1206 928 1315 994 curvis
1337 937 1370 993 et
1390 929 1499 1011 planis

437 1043 592 1128 speculis.
615 1045 750 1108 Formas
773 1042 863 1106 enim
884 1057 1019 1114 rerum,
1042 1057 1183 1119 quarum
1207 1040 1364 1103 distantia
1385 1041 1426 1104 ab
1449 1058 1502 1104 en·

435 1157 511 1220 dem
532 1155 607 1218 visu
629 1154 737 1218 maior
759 1159 822 1227 est,
844 1169 977 1232 semper
997 1151 1158 1216 maiorem
1174 1151 1298 1215 habent
1313 1151 1502 1216 distantiam

435 1268 475 1330 ab
502 1267 577 1348 ipso
603 1266 696 1342 visu;
718 1263 851 1330 habitus
874 1263 963 1327 enim
985 1263 1290 1328 reverberationem
1311 1281 1378 1326 non
1402 1263 1502 1328 hahet

436 1375 616 1442 efficaciam
646 1375 681 1440 in
710 1373 925 1438 translatione
954 1373 1124 1438 radiorum
1147 1373 1330 1458 secundum
1351 1374 1503 1438 directio·

435 1506 534 1564 nsm,
562 1487 619 1552 sed
648 1495 728 1550 tunc
758 1485 898 1550 efficitur
929 1483 1101 1550 translatio
1122 1486 1271 1560 diversa,
1300 1503 1375 1548 cum
1403 1485 1503 1550 fuerit

435 1599 477 1663 ad
501 1595 655 1662 laterales
683 1603 811 1678 partss3
840 1595 989 1660 visibiles
1019 1597 1109 1660 enim
1137 1596 1244 1672 radii,
1277 1613 1420 1676 quorum
1447 1597 1503 1662 hic

435 1715 485 1774 cst
512 1708 669 1782 habitus,
698 1714 777 1770 sunt
805 1707 934 1771 diversi.
961 1707 1050 1770 Situs
1077 1725 1173 1788 ergo,
1202 1706 1261 1793 qui
1287 1707 1379 1772 verbi
1400 1709 1504 1787 gratia

434 1819 536 1884 tuerit
563 1835 717 1894 sursum,
747 1819 947 1900 quandoque
963 1869 974 1893 ,
999 1818 1085 1882 sicut
1111 1818 1430 1894 demonstravimus,
1455 1819 1502 1881 vi·

435 1931 564 1995 debitur
585 1947 718 1993 sursum
744 1929 780 1992 in
807 1929 959 1992 concavis
982 1928 1141 2009 speculis,
1169 1928 1254 1992 sicut
1275 1928 1403 1992 videtur
1425 1947 1501 1992 cum

436 2059 488 2106 res
516 2040 618 2105 inerit
643 2040 691 2104 ita
719 2041 847 2122 posita,
880 2040 969 2122 quod
999 2040 1105 2102 iorma
1134 2039 1206 2103 eius
1236 2040 1387 2104 videatur
1414 2046 1500 2103 retro

436 2152 626 2235 speculum,
649 2158 680 2215 et
702 2151 763 2215 erit
784 2151 871 2214 sicut
891 2169 943 2214 res
967 2167 1051 2232 quaa
1073 2157 1160 2214 recte
1182 2151 1327 2228 videtur;
1349 2151 1500 2230 quando-

435 2281 499 2344 que
526 2276 602 2327 vero
632 2268 766 2342 apparet
794 2262 948 2325 deorsum
977 2260 1134 2324 translata
1162 2260 1256 2324 aliter
1282 2279 1382 2342 quam
1413 2263 1501 2342 quod

434 2380 522 2439 recte
543 2375 681 2437 videtur.
703 2375 766 2436 Res
788 2379 899 2435 autem
923 2363 1059 2435 dextrae
1075 2349 1273 2453 quandoque
1296 2379 1451 2453 apparent
1465 2373 1500 2436 in

435 2486 483 2550 eis
511 2484 683 2559 sinistrae,
713 2483 799 2548 sicut
821 2483 939 2546 accidit
959 2483 994 2545 in
1021 2481 1096 2558 his,
1124 2500 1265 2564 quarum
1286 2481 1385 2546 iacies
1407 2501 1501 2547 verae

435 2603 513 2660 suut
534 2593 631 2659 nobis
654 2594 833 2676 oppositae,
856 2595 1055 2674 quandoque
1077 2611 1155 2658 vero
1178 2593 1280 2668 aliter,
1301 2593 1451 2658 videlicet
1467 2593 1500 2656 in

434 2706 547 2770 dextra
567 2711 669 2786 parte.
693 2705 784 2768 Idem
806 2722 938 2785 quoque
965 2705 1055 2767 visus
1076 2703 1165 2768 videt
1187 2703 1325 2768 formam
1353 2703 1499 2768 eiusdem

435 2817 485 2882 rei
498 2816 534 2879 in
549 2815 744 2880 huiusmodi
758 2813 902 2904 speculis
925 2815 1123 2896 quandoque
1139 2833 1241 2878 unam
1257 2823 1289 2878 et
1303 2817 1500 2897 quandoque

434 2926 564 3011 plures,
584 2934 616 2990 et
638 2943 714 2990 cum
735 2926 826 2989 visus
847 2926 945 2990 fuerit
967 2925 1094 2990 stabilis
1113 2932 1145 2990 et
1159 2945 1227 2991 non
1249 2934 1408 3001 movetur,
1428 2928 1500 3006 qui·

434 3039 573 3103 busdam
591 3039 630 3102 de
645 3036 760 3100 formis
774 3055 886 3101 rerum
899 3037 962 3101 erit
975 3038 1080 3101 maior
1091 3038 1246 3102 distantia
1260 3056 1280 3100 a
1292 3038 1384 3112 visu,
1401 3057 1500 3119 quam

434 3149 506 3230 ipsa
528 3167 578 3214 res
601 3149 755 3223 videnda,
778 3148 977 3230 quibusdam
993 3167 1067 3212 vero
1082 3148 1201 3212 minor.
1216 3149 1375 3214 Diametri
1390 3156 1500 3213 autem

432 3261 615 3324 turmarum
627 3259 894 3340 magnitudinum
910 3260 1124 3324 videndarum
1138 3262 1335 3341 quandoque
1349 3261 1501 3324 videntur

433 3372 520 3436 sicut
540 3370 692 3435 diametri
714 3371 852 3432 istarum
875 3387 1002 3445 rerum,
1026 3377 1058 3434 et
1078 3372 1274 3450 quandoque
1303 3371 1444 3435 maiores
1466 3377 1500 3435 st

433 3483 630 3563 quandoque
662 3483 815 3545 minores.
848 3483 985 3562 Figurae
1013 3489 1123 3545 autem
1147 3483 1365 3561 quarumdam
1386 3501 1498 3546 rerum

433 3600 590 3676 apparent
604 3592 731 3656 similes
746 3592 860 3673 liguris
874 3595 1055 3656 turmarum
1069 3592 1105 3656 in
1119 3593 1262 3674 imagine
1276 3600 1313 3656 ut
1328 3611 1498 3668 concavae,

432 3709 473 3767 et⁴
488 3699 707 3786 quarumdam
730 3703 854 3784 figurae
877 3709 1035 3786 apparent
1056 3703 1235 3767 dissimiles
1257 3712 1295 3766 ut
1315 3710 1442 3778 rectae,
1468 3698 1525 3768 ct'

434 3815 654 3896 quarumdam
668 3815 793 3895 figurae
810 3815 1008 3896 quandoque
1024 3822 1183 3896 apparent
1197 3814 1334 3890 similes,
1350 3821 1382 3878 et
1399 3833 1500 3895 qtran-
1568 3885 1578 3910 Ι

420 3923 541 4006 'doque
565 3924 757 4001 dissimiles,
781 3929 817 3988 ut
839 3927 1079 4000 curvae.t)uod
1102 3932 1212 3990 autum
1231 3945 1268 3990 ex
1283 3925 1498 3990 sensibilitate

431 4034 654 4100 diversitatum
676 4037 818 4099 istorum
842 4039 993 4100 omnium
1015 4039 1065 4111 iit,
1088 4044 1224 4120 apparet
1245 4039 1428 4104 secundum
1443 4055 1498 4102 ss-

433 4147 602 4228 quentiam
625 4147 886 4230 praepositorum
907 4147 1154 4228 principiorum.
