3550 5452
1284 597 1332 662 ii·

293 706 434 770 Fallacia
454 706 569 786 igitur,
594 725 679 788 quae
701 709 736 770 in
758 705 928 770 coloribus
951 707 1070 770 accidit
1091 706 1176 770 visui
1194 726 1234 772 ex
1252 727 1326 788 pas·

251 818 345 880 sione
366 817 398 880 si
422 817 600 890 accidente,
621 817 656 880 fit
673 817 714 878 ad
731 816 837 878 maius
852 818 1038 882 secundum
1055 801 1238 898 praedictas
1252 835 1325 898 spe,-

251 928 331 1003 cies;
347 925 478 989 fallacia
492 943 576 989 varo
587 944 672 1007 quae
690 927 807 990 accidit
822 926 857 988 in
874 926 942 990 situ
957 945 995 990 ex
1010 927 1169 990 fractione
1186 934 1218 990 et
1231 943 1324 990 revo-

249 1035 392 1109 lutione,
415 1036 453 1098 sst
476 1036 663 1100 secundum
683 1027 858 1114 utramque
880 1035 1069 1116 specierum
1090 1037 1242 1112 istarnm;
1265 1053 1326 1115 por

251 1145 497 1210 revolutionem·
516 1144 611 1208 enirn
629 1146 760 1210 videtur
783 1145 900 1208 eadem
918 1144 1021 1208 resin
1040 1145 1171 1210 duobus
1184 1145 1280 1221 locis,
1295 1155 1327 1210 et

250 1255 387 1318 ducein
402 1273 482 1328 uno,
498 1256 584 1318 sieut
600 1253 637 1318 in
654 1255 928 1335 praecedentibus
947 1255 1258 1320 demonstravimus.
1283 1259 1326 1320 lix

248 1365 510 1428 reverberatione
533 1371 645 1427 antem
663 1371 696 1428 at
711 1353 852 1428 flexione
872 1365 1003 1428 videtur
1024 1383 1078 1428 res
1092 1365 1127 1430 in
1144 1365 1324 1430 directione

250 1471 390 1536 visibilis
408 1472 509 1545 radii..
525 1473 676 1552 quamvis
694 1491 763 1536 non
778 1473 828 1536 ita
839 1491 878 1536 sa
889 1472 1020 1548 habeat,
1036 1489 1076 1536 eo
1092 1474 1181 1552 quod
1196 1480 1247 1538 est
1261 1474 1324 1538 iva·

251 1589 332 1644 otus.
351 1583 476 1648 Rursus
492 1582 532 1644 dle
548 1581 700 1661 hisquae
716 1580 775 1644 tali
790 1583 893 1648 modo·
904 1589 1075 1662 apparent,
1090 1581 1157 1646 alia
1172 1583 1325 1655 videntur

252 1708 271 1752 a
286 1691 444 1754 distantia
459 1690 582 1754 minori
601 1709 702 1770 quam
719 1709 807 1766 vera,
827 1709 912 1770 quae
927 1690 1083 1756 videlicet
1098 1700 1148 1756 est
1163 1692 1251 1766 inter
1264 1691 1326 1756 illa

251 1807 283 1862 et
304 1801 513 1880 aspicientes,
536 1807 569 1864 et
591 1819 676 1882 quae
694 1809 743 1865 est
761 1802 847 1864 inter
862 1820 901 1866 ea
916 1809 948 1866 et
963 1802 1190 1884 superficiemp
1201 1803 1240 1866 de
1257 1821 1325 1883 qua

251 1909 288 1970 lit
300 1910 429 1974 fractio.
443 1911 514 1974 Alia
528 1929 605 1974 vero
620 1913 773 1974 videntur
784 1929 805 1974 a
815 1911 971 1974 distantia
985 1911 1118 1992 aequali
1130 1912 1324 1992 praedictae,

250 2026 283 2082 et
299 2020 463 2100 quaedam
477 2020 633 2086 ridentur
646 2040 666 2084 a
681 2021 801 2084 maiori
816 2021 981 2084 distantia.
1006 2021 1176 2093 Quaedam
1190 2035 1324 2102 quoque

250 2128 401 2202 videntur
429 2147 491 2210 per
514 2131 678 2209 quosdam
701 2130 948 2194 invisibilibus
971 2131 1094 2203 radiis,
1123 2131 1181 2209 qui
1202 2139 1324 2194 sunta

250 2245 340 2330 me
359 2256 435 2313 sua,
452 2238 518 2302 alia
533 2229 612 2302 vero
630 2257 689 2320 per
706 2240 817 2304 radios
835 2240 982 2302 diversos
1000 2240 1185 2304 secundum
1199 2238 1324 2318 figuras

251 2365 378 2421 rorum,
402 2365 488 2426 quae
518 2349 628 2412 radios
657 2347 861 2428 refringunt,
882 2354 922 2410 ul
943 2348 1060 2412 accidit
1080 2343 1214 2428 quando
1232 2349 1324 2412 vide·

251 2473 326 2519 mus
350 2457 485 2520 sinistra
510 2475 572 2538 per
594 2458 703 2522 radios
732 2458 876 2532 dextros,
901 2464 933 2519 et
957 2458 1133 2538 superiora
1158 2469 1217 2537 pe'r
1242 2458 1324 2522 ini·

251 2565 367 2640 riores,
387 2574 421 2630 et
443 2583 623 2644 converso;
645 2574 678 2630 at
701 2567 763 2630 bac
783 2567 825 2630 ds
841 2585 941 2630 eausa
955 2567 1088 2630 insulae
1104 2567 1263 2632 sublimes
1278 2569 1323 2632 vi·

252 2674 372 2738 dentur
393 2677 519 2740 amari
541 2694 612 2740 esse
633 2675 851 2751 humiliores,
873 2694 913 2740 eo
937 2677 1026 2756 quod
1048 2676 1133 2740 radii
1157 2676 1215 2756 qui
1235 2677 1326 2740 inira

251 2784 374 2848 cadunt
394 2786 430 2848 in
458 2802 567 2860 mare,
595 2787 784 2850 efficiuntur
812 2804 872 2867 per
899 2785 1199 2850 reverberationem
1222 2787 1325 2850 subli-

252 2887 374 2958 miorsi
395 2894 479 2969 illis,
502 2901 534 2958 et
555 2914 614 2960 aer
634 2897 693 2974 qui
714 2902 800 2960 recte
823 2895 1117 2976 comprehenditur
1138 2915 1157 2958 a
1178 2897 1267 2967 visu,
1290 2896 1326 2958 sst

251 3001 346 3066 altior
365 3004 499 3084 insulis3
523 3007 614 3084 quod
635 3005 821 3068 evidentius
843 3010 989 3086 apparet,
1012 3023 1089 3068 cum
1106 3005 1208 3068 inerit
1223 3023 1325 3086 super

250 3112 396 3176 insulam
417 3115 518 3178 nubis
540 3115 661 3188 rubea,
684 3122 819 3194 apparet
845 3114 936 3178 enim
958 3115 1074 3176 subtus
1101 3131 1175 3176 eam
1203 3113 1325 3176 similis

252 3221 302 3284 illi
323 3223 423 3286 nubis
444 3224 557 3286 rubea.
580 3223 738 3288 Similiter
760 3224 858 3286 etiam
880 3223 1036 3304 possibile
1064 3229 1114 3285 est
1138 3241 1196 3302 per
1217 3241 1326 3286 rever·

250 3331 455 3396 horationem
480 3333 585 3396 videri
613 3335 766 3396 eamdem
794 3351 865 3396 rem
887 3333 922 3394 in
945 3332 1098 3414 pluribus
1121 3331 1218 3406 locis,
1240 3332 1326 3395 siout

251 3442 370 3504 accidit
390 3443 424 3504 in
448 3443 600 3506 concavis
623 3442 777 3523 speculis,
799 3449 832 3506 et
853 3442 999 3524 speculis
1017 3460 1100 3522 quae
1117 3441 1228 3522 plures
1243 3443 1325 3504 ima-

250 3551 341 3630 gines
363 3553 555 3630 ostenduam
584 3555 673 3634 quod
701 3555 837 3630 iaciunt,
868 3555 948 3635 quia
976 3555 1025 3616 sic
1045 3561 1128 3616 sunt
1150 3552 1325 3634 disposita,

250 3663 338 3739 quod
360 3664 528 3742 quaedam
558 3681 674 3726 eorum
702 3664 891 3744 refringunt
920 3664 1030 3726 radios
1055 3663 1188 3726 adrem
1211 3664 1324 3738 viden·

250 3771 342 3844 dam,
364 3779 396 3834 st
419 3772 582 3850 quaedam
609 3774 649 3835 ad
675 3771 776 3836 aliud.
808 3775 896 3836 Unde
919 3773 1017 3836 multi
1038 3773 1125 3834 radii
1147 3773 1324 3852 disgregati

232 3881 429 3956 ,ostendunt
451 3899 522 3945 rem
545 3883 731 3946 secundum
755 3875 973 3946 directionem
992 3899 1123 3956 eorum,
1142 3890 1176 3944 et
1193 3889 1326 3962 apparet

251 4007 411 4054 numerus
433 3991 584 4056 locorum
606 3992 654 4055 rei
677 3994 836 4056 videndae
859 4001 897 4054 ul
919 4010 1080 4058 numerus
1106 3991 1327 4054 radiorum.
1355 4067 1365 4072 ..

294 4100 329 4160 ln
353 4099 517 4164 universis
540 4103 651 4182 itaquo
675 4104 775 4166 rebus
798 4120 882 4182 quae
907 4104 1068 4174 videntur,
1088 4101 1124 4163 lit
1143 4099 1273 4164 fallacia
1289 4119 1327 4164 ex

1276 4243 1290 4292 l
