3512 5456
443 572 503 638 tte
1107 630 1117 644 ,

483 683 606 754 Iterum
636 701 778 748 concern
806 703 882 764 pers
903 691 1046 765 ponetur
1064 701 1178 748 vernus
1201 685 1309 748 visum
1331 687 1515 750 secundum

440 793 624 876 quamlibet
651 795 795 858 ducrum
824 794 1011 875 specierum
1040 796 1213 874 positionis
1244 795 1354 868 visus,
1384 803 1417 860 et
1437 813 1548 886 »ιο-ι

440 904 589 970 trahetur
610 903 721 968 radius
743 906 803 969 dit
826 905 890 984 (tp.
908 903 979 978 et),
1002 913 1035 968 et
1055 904 1286 968 existimentur
1305 921 1378 968 essu
1397 921 1449 968 res
1466 907 1515 967 vi-

441 1013 567 1078 dendae
589 1031 689 1095 super
710 1015 746 1076 tt
767 1021 802 1076 et
821 1031 922 1094 super
941 1015 1004 1089 tt,·
1035 1014 1216 1078 secundum
1239 1021 1395 1095 utrosque
1415 1016 1517 1095 igitur

441 1123 557 1188 medus
579 1123 763 1204 praedictus
786 1123 826 1230 dc
849 1124 1028 1204 positione,
1050 1123 1330 1206 perpendicularis
1352 1125 1474 1188 cadem
1498 1143 1518 1186 a

441 1251 477 1298 re
491 1233 660 1308 ridenda,
681 1251 765 1314 ques
787 1241 958 1315 estsuper
978 1235 1015 1297 tt
1034 1242 1072 1298 ut
1094 1245 1142 1313 tp,
1165 1235 1288 1298 sedebit
1309 1235 1439 1298 redium
1462 1237 1516 1309 tl;

440 1343 724 1426 perpendicularis
751 1349 860 1408 eutem
882 1361 966 1424 quee
989 1345 1135 1426 procedit
1156 1345 1196 1407 eh
1220 1343 1332 1426 ulique
1354 1343 1517 1408 derebus

441 1454 657 1518 existentibus
679 1471 780 1534 super
791 1454 845 1529 ic,
862 1461 900 1517 ut
916 1454 984 1530 lm,
1000 1449 1200 1534 quendnque
1215 1455 1282 1517 erit
1296 1454 1518 1534 aequidistens

442 1564 518 1639 dil,
541 1571 573 1627 et
594 1564 790 1645 quandoque
811 1564 924 1627 iuncta
946 1564 976 1626 ci
1000 1570 1122 1644 aperte
1135 1565 1168 1638 lc,
1183 1567 1210 1638 t,
1225 1564 1427 1644 quandoque
1440 1577 1517 1628 vero

442 1673 549 1755 megin
571 1680 711 1737 remota.
743 1673 902 1736 Pcsslhile
925 1681 976 1738 cst
997 1675 1087 1736 enim
1109 1673 1266 1753 angulum
1287 1673 1347 1736 tlt
1366 1671 1516 1754 quende-

442 1793 510 1866 qut
530 1783 604 1852 fleri
625 1784 712 1846 sicut
731 1782 889 1863 cupidum
912 1785 991 1858 tlte,
1021 1789 1065 1846 et·
1081 1781 1277 1864 quandoque
1299 1783 1463 1847 maiorem
1486 1791 1519 1846 st

442 1893 641 1976 quandoque
671 1893 857 1969 minorem,
888 1894 1071 1958 secundum
1103 1893 1318 1974 quantitatem
1350 1893 1401 1961 rei
1430 1909 1515 1974 quse

443 2003 574 2068 videtur
594 2005 629 2066 in
651 2003 681 2066 t.

395 2111 401 2115 ’
443 2163 446 2172 ,
485 2115 523 2176 lit
543 2113 599 2176 hic
619 2112 720 2178 etiem
741 2112 898 2194 possibile
922 2119 1059 2177 estnon
1081 2113 1175 2194 iungi
1197 2112 1382 2196 praedictas
1403 2113 1519 2188 lineas,

443 2222 597 2288 videlicet
612 2223 724 2286 rudius
742 2223 844 2286 flexus
860 2222 1140 2304 perpendicularis
1155 2225 1275 2287 cadens
1292 2239 1362 2286 aru
1376 2221 1521 2286 sideude

443 2333 480 2398 ln
508 2332 720 2414 superficiem
746 2333 788 2395 ds
818 2349 887 2412 que
908 2333 945 2394 flt
968 2332 1088 2410 tisric,
1117 2348 1179 2397 nec
1200 2335 1265 2396 erit
1285 2332 1377 2396 locus
1398 2333 1522 2398 termae

444 2443 705 2518 determinatum,
734 2443 821 2522 quod
848 2443 964 2524 utique
992 2443 1148 2524 possibile
1176 2450 1244 2519 est,
1272 2459 1348 2506 cnm
1375 2445 1519 2523 superli-

444 2553 528 2628 cies,
551 2552 592 2621 de
614 2569 679 2632 qua
700 2551 737 2614 tlt
758 2551 869 2627 flexio,
890 2553 990 2616 fuerit
1011 2551 1199 2628 circularis,
1222 2559 1254 2617 ct
1275 2569 1413 2616 curcum
1432 2551 1520 2616 lutus

445 2663 518 2728 etur
546 2669 579 2730 et
606 2660 760 2725 subtilius
788 2675 907 2742 cerpus
934 2662 1058 2725 iruerint
1081 2669 1211 2744 aparte
1232 2663 1345 2737 visus,
1368 2660 1421 2726 vel
1443 2678 1519 2725 cum

444 2772 548 2838 tuerit
577 2787 759 2836 concavum
795 2770 879 2835 letus
907 2773 1124 2852 superficiei,
1157 2780 1192 2836 et
1225 2783 1342 2854 corpus
1374 2771 1520 2853 messius

446 2894 561 2948 sertus
581 2881 695 2946 visum.

488 2994 527 3056 ln
548 2990 711 3055 universis
734 2997 843 3054 autem
867 2990 1004 3073 reliquie
1026 2992 1134 3056 modis
1150 2993 1257 3058 lineae
1273 3009 1354 3073 ques
1369 2992 1521 3065 diximus,

446 3113 582 3183 semper
597 3102 790 3183 iungentum
811 3101 869 3166 sed
891 3117 972 3170 cum
990 3118 1058 3166 non
1080 3104 1304 3176 convenerim,
1322 3103 1441 3166 accidit
1459 3101 1520 3166 ite·

445 3224 524 3278 rum
543 3211 628 3292 rieul
649 3211 735 3277 sicut
756 3211 875 3274 eccidit
894 3210 930 3274 in
952 3212 1095 3294 speculis
1117 3215 1157 3278 ds
1181 3214 1359 3293 passione,
1373 3227 1458 3293 quse
1483 3212 1520 3275 uc
1624 3257 1634 3270 .

446 3323 483 3388 in
504 3321 554 3386 eis
575 3334 676 3403 penes
702 3321 990 3396 coniunctionem,
1019 3331 1151 3404 excepto
1174 3324 1261 3404 quud
1283 3323 1374 3387 lucus
1396 3323 1432 3384 in
1454 3337 1520 3402 que
1586 3395 1593 3420 ἱ

447 3435 485 3498 ut
512 3432 632 3514 positio
661 3430 730 3506 rei,
759 3443 827 3494 nen
851 3433 914 3495 erit
932 3435 1147 3509 terminetur,
1175 3435 1237 3497 scd
1263 3433 1458 3496 translertur
1478 3433 1520 3494 cd

447 3544 561 3610 lecum
581 3557 793 3607 communem
815 3543 1078 3622 perpendiculari
1100 3552 1135 3606 et
1153 3543 1362 3626 superficiei,
1392 3543 1434 3606 dc
1456 3557 1521 3622 quc

440 3653 489 3732 ,cr
508 3652 620 3730 flexio,
643 3658 676 3714 ct
696 3649 835 3732 suscipit
855 3651 996 3714 turmam
1019 3655 1068 3716 rel
1090 3654 1265 3728 videndae,
1287 3661 1320 3717 et
1342 3653 1406 3716 crit
1420 3651 1522 3715 conti·

447 3776 552 3852 uuum
575 3762 665 3824 siin
687 3761 753 3823 situ
776 3767 811 3822 et
829 3759 864 3822 in
887 3776 1023 3842 corpure
1045 3765 1133 3842 quod
1154 3763 1244 3826 ricus
1267 3768 1423 3844 penetret.

491 3871 570 3936 Cum
591 3872 704 3952 itaque
724 3869 807 3932 haec
824 3870 1039 3936 determinate
1054 3873 1246 3948 habeamur,
1262 3873 1357 3936 decet
1369 3890 1430 3936 nos
1446 3885 1523 3936 cun·

448 3981 592 4046 siderare
614 3981 667 4054 ds,
677 3979 922 4044 diversitetilruc
941 3984 1121 4046 formarum
1136 3984 1171 4045 ln
1187 3997 1387 4064 unaqueque
1401 3981 1521 4064 speeie,

449 4100 484 4158 et
502 4092 615 4156 videre
637 4090 667 4156 si
686 4089 752 4153 hcc-
772 4088 963 4155 invenietur
989 4094 1194 4157 cuuecrdsne
1223 4091 1416 4175 principiis,
1443 4107 1521 4176 qun-
