3512 5456
1247 595 1306 660 lii
1399 609 1401 614 “

236 703 344 770 dicere
367 721 454 774 nunc
476 703 742 770 coniunctionem
760 705 852 768 fracti
872 704 953 768 redii
969 703 1075 768 avisu
1088 705 1306 786 procedentis,

238 823 271 880 et
284 812 564 897 perpendicularis
580 813 726 880 cedentis
743 833 762 878 a
777 831 814 878 re
828 814 967 878 videnda
982 814 1017 877 in
1031 815 1252 896 superficiem,
1267 815 1307 880 de

238 943 303 1006 que
326 925 363 987 fit
384 925 490 1000 flexio,
506 941 589 1004 quae
606 931 655 988 est
668 923 759 988 locus
777 925 925 1006 proprius
939 925 1119 1006 unicuique
1135 943 1246 990 rerum
1260 925 1307 987 vi-

239 1037 434 1108 dendorum.
456 1043 488 1106 et
510 1039 670 1116 exponere
692 1033 942 1117 dispositionem
957 1035 993 1098 in
1007 1054 1204 1118 unaquaque
1227 1037 1308 1118 figu-

238 1164 348 1210 rarum
369 1145 541 1227 plenarum
563 1145 807 1220 subiectorum,
838 1153 870 1209 et
897 1146 1042 1228 incipere
1064 1165 1083 1210 e
1104 1147 1201 1212 rebus
1224 1165 1309 1228 quoe

238 1255 412 1322 sumuntur
433 1275 452 1320 a
472 1256 544 1320 risu
565 1255 745 1319 secundnm
763 1255 1013 1336 praecedentem
1030 1257 1139 1332 situm,
1154 1263 1192 1322 ut
1206 1257 1311 1322 moni·

239 1367 375 1432 festetur
396 1366 429 1430 id
451 1367 540 1454 quod
561 1365 714 1430 volumus
737 1367 972 1432 demonstrare.
1007 1401 1010 1412 ι

278 1479 425 1540 -Ponatur
452 1477 562 1557 itaque
588 1477 679 1558 prius
702 1477 868 1542 distinctio
891 1477 1078 1545 communis
1100 1477 1306 1567 superficiei,

240 1605 322 1668 quae
345 1587 518 1669 distinguit
538 1589 602 1655 duo
625 1605 776 1669 corpora,
798 1596 831 1652 et
851 1589 1036 1670 superficiei
1059 1589 1177 1670 iniqua
1192 1597 1307 1656 estra-
1345 1611 1346 1614 ¹

241 1698 314 1762 dius
337 1698 458 1762 fractus
479 1697 568 1762 linea
589 1698 656 1779 obp
681 1697 750 1778 (dp.
773 1698 857 1773 87),
879 1698 1097 1780 sitque-risus
1118 1701 1160 1772 do
1182 1705 1215 1764 et
1237 1711 1308 1780 pss-

240 1807 462 1890 pendicularis
492 1809 610 1875 cedens
640 1828 659 1872 a
686 1809 760 1872 visu
788 1809 833 1872 sit
852 1810 940 1884 doc,
969 1815 1002 1874 et
1022 1809 1133 1874 radius
1155 1809 1309 1890 proclivio

239 1920 306 1992 db,
334 1925 366 1983 et
392 1917 600 2000 protrahetur
628 1937 648 1982 a
675 1925 796 2000 puncto
819 1921 835 1981 d
864 1919 1146 2000 perpendicularis
1168 1921 1254 1993 sid.
1277 1926 1311 1986 et

242 2030 466 2110 frangatnrdb
487 2029 555 2093 sive
571 2029 613 2094 ad
625 2038 752 2110 partem
768 2028 1062 2111 perpendicularis·
1075 2037 1112 2094 ut
1125 2029 1165 2092 fle
1179 2032 1311 2112 quando
1358 2026 1361 2034 ’

241 2140 330 2203 visus
358 2139 458 2204 fuerit
484 2138 610 2220 positus
639 2157 659 2206 e
687 2147 776 2221 parte
802 2139 985 2204 subtilioris
999 2139 1175 2221 corporis,
1203 2140 1310 2222 sitque
1354 2160 1382 2218 ἢ

241 2250 337 2314 tlsxic
357 2251 429 2314 eius
451 2267 548 2332 super
566 2250 617 2324 dt,·
640 2249 707 2314 sive
725 2251 766 2313 ed
780 2250 942 2314 diversam
959 2249 1220 2332 perpendiculari
1238 2269 1310 2332 por·

244 2368 325 2436 tem,
346 2367 384 2424 ut
405 2377 479 2424 cum
503 2360 724 2440 aspexerimus
739 2379 758 2422 e
774 2377 915 2441 corpore·
925 2361 1093 2442 grossiori,
1108 2368 1139 2426 et
1157 2361 1203 2429 sit
1214 2360 1309 2427 derio

244 2471 315 2536 eius
344 2487 442 2553 super
469 2471 521 2532 lb.
554 2471 621 2536 Ilrit
647 2487 722 2551 ergo
750 2470 889 2552 angulus
914 2473 985 2536 ddz
1013 2478 1310 2552 propter'eequee

243 2580 514 2664 praeposuimus,
540 2581 647 2646 maior
675 2599 773 2662 quern
796 2581 935 2662 angulus
956 2583 1038 2658 tlt,
1068 2589 1099 2644 et
1121 2581 1230 2646 minor
1250 2599 1310 2646 an·

244 2691 321 2774 gulo
342 2693 436 2767 trc-
459 2700 493 2772 ¹et
514 2693 724 2756 manifestum
748 2699 797 2756 est
819 2692 905 2774 quod
929 2709 998 2756 non·
1019 2693 1219 2758 conveniunt
1240 2711 1312 2774 per·
1426 2679 1428 2688 ’

244 2802 463 2884 pendiculeris
485 2805 551 2867 doe
574 2809 605 2866 et
627 2804 677 2876 bt,
699 2821 760 2866 nec
782 2801 1062 2884 perpendicularis
1077 2805 1141 2870 doe
1156 2809 1189 2870 et
1205 2803 1247 2870 tt
1270 2803 1311 2868 od

244 2919 351 2995 partes
378 2920 575 2994 punctorum
597 2923 646 2988 rt,
677 2912 833 2994 quoniam
857 2913 968 2994 anguli
989 2914 1065 2990 doe,
1086 2915 1150 2976 adt
1176 2911 1311 2981 insimul
1369 2923 1374 2944 ¹

245 3024 386 3088 maiores
409 3029 484 3088 sunt
506 3042 605 3104 quam
628 3025 692 3089 duo
714 3023 809 3102 recti;
832 3023 936 3090 multo
959 3023 1063 3104 magis
1082 3041 1158 3104 ergo
1173 3041 1240 3087 non
1258 3023 1312 3088 dc·

245 3135 326 3198 bent
346 3134 521 3200 convenire
544 3133 651 3200 lineae
674 3134 730 3208 ilc,
750 3136 808 3201 do.
904 3167 907 3174 v

287 3247 323 3308 Et
348 3263 424 3308 cum
450 3245 639 3326 superficies
668 3263 751 3326 quae
775 3243 946 3326 distinguit
959 3245 1033 3308 duo
1052 3261 1194 3326 corpora
1214 3244 1312 3308 luerit

247 3355 438 3436 sphaerica,
464 3363 604 3437 ponatur
624 3355 715 3436 prius
738 3355 973 3423 curvitas-eius
996 3373 1015 3418 a
1036 3361 1126 3436 perte
1148 3355 1259 3430 visus,
1282 3363 1316 3418 et

247 3467 289 3536 sit
307 3465 472 3531 distinctio
488 3466 675 3530 communis
690 3467 769 3532 huic
784 3466 968 3546 superficiei
984 3472 1016 3529 et
1029 3465 1216 3546 superficiei
1229 3483 1313 3546 quse

248 3576 365 3640 transit
385 3595 444 3658 per
464 3576 593 3640 radium
616 3577 753 3640 fractum
776 3561 876 3642 sectio
898 3578 965 3655 obp
996 3582 1003 3653 l
1014 3575 1065 3657 dp.
1088 3575 1147 3650 88>
1160 3591 1164 3602 ’
1179 3576 1228 3640 de·
1248 3575 1314 3640 cir-

249 3687 345 3760 culo.
372 3687 466 3752 cuius
494 3696 641 3752 centrum
671 3689 713 3751 sit
734 3705 749 3750 e
779 3694 810 3751 et
838 3687 927 3752 visus
948 3687 968 3748 d
980 3737 987 3760 ‚
1008 3693 1048 3750 'et
1069 3687 1316 3768 protrahature

248 3805 399 3878 punctos
420 3797 697 3880 perpendicularis
720 3798 883 3864 transiens
903 3816 961 3879 per
974 3797 1097 3873 visum,
1120 3803 1151 3862 et
1172 3797 1214 3858 sit
1235 3799 1316 3872 eud,

248 3916 280 3972 ot
301 3908 365 3972 alia
386 3908 665 3990 perpendicularis
689 3910 729 3972 ad
751 3907 875 3981 lecum.
897 3927 916 3972 a
934 3925 1001 3990 quo
1015 3907 1175 3987 frangitur
1190 3907 1314 3981 radius,

250 4018 356 4100 sitque
382 4021 469 4094 ebir,
499 4027 530 4081 ct
558 4019 708 4098 iungetur
730 4018 990 4100 utrisque'lines
1009 4020 1076 4092 db,
1099 4027 1130 4082 et
1151 4017 1317 4097 frangatur
1378 4063 1382 4076 .

251 4130 291 4196 ed
320 4138 442 4211 partem
471 4129 602 4214 quidem
631 4128 911 4215 perpendicularis
936 4137 973 4196 ut
1003 4130 1061 4206 td,¹
1086 4129 1125 4193 ed
1154 4128 1315 4194 diversam
