3512 5456
1225 598 1285 668 147

220 722 305 780 trum
334 715 404 780 eius
433 715 476 776 sit
502 713 536 776 in
564 734 597 786 a,
625 720 657 778 et
683 711 843 776 diameter
869 715 938 777 eius
962 730 1059 795 snper
1087 714 1283 792 diametrum

219 826 264 890 tc
285 832 321 888 ut
343 826 389 901 tl,
410 843 450 889 aa
471 842 546 888 vero
569 824 611 886 sit
632 809 909 904 perpendicularis
931 841 1031 904 super
1052 822 1139 902 latus
1160 825 1282 890 vitreae
1338 879 1341 884 .

218 935 410 1018 superficiei.
433 934 550 997 Omnes
575 951 650 1014 ergo
673 932 795 1008 lineae,
818 952 900 1014 quae
916 933 1151 1014 protrahuntur
1166 954 1185 998 a
1199 954 1282 1017 pun·

218 1052 300 1110 ctos
323 1045 364 1109 ad
385 1043 684 1108 circumferentiam
701 1046 769 1123 ὁρᾶ
792 1050 824 1108 et
847 1043 887 1106 ad
905 1044 1203 1110 circumferentiam
1217 1045 1283 1121 alal,

217 1165 312 1220 erunt
344 1155 639 1238 perpendiculares.
673 1155 706 1218 Si
740 1155 851 1235 itaque
885 1153 993 1235 ipsum
1026 1156 1283 1236 experimentum

217 1265 321 1330 simili
342 1265 548 1348 praecedenti
571 1265 669 1328 modo
692 1263 969 1344 disposuerimus,
993 1272 1026 1329 et
1047 1263 1284 1345 signaverimus

216 1377 350 1460 aliquod
371 1395 507 1458 parvum
529 1376 660 1456 signum
682 1374 716 1438 in
739 1374 913 1456 superficie
932 1376 1067 1438 cadente
1087 1393 1184 1457 super
1201 1395 1284 1458 pnn-

216 1495 305 1552 ctum
327 1508 342 1552 e
363 1488 397 1554 in
419 1487 529 1552 medio
551 1485 663 1550 lateris
686 1485 932 1568 semicylindri‚
960 1483 1182 1566 aspexerimus
1205 1505 1282 1568 quo·

216 1617 279 1680 que
302 1615 377 1662 cum
396 1598 497 1661 altero
513 1597 684 1661 oculorum
700 1597 880 1660 secundum
896 1595 1108 1660 directionem
1122 1595 1230 1660 lineae
1245 1616 1283 1662 oc

216 1709 257 1776 ad
285 1709 466 1788 marginem
494 1706 591 1783 vitri,
619 1725 669 1770 res
698 1707 812 1786 ntique
842 1722 940 1786 quam
966 1705 1162 1770 volverimus
1184 1726 1282 1788 super

215 1818 513 1886 circumferentiam
537 1819 720 1900 oppositam
743 1817 819 1882 huic
842 1817 1140 1894 circumferentiae,
1163 1836 1283 1900 quous·
1347 1876 1351 1884 .

215 1947 278 2010 que
301 1933 453 2010 appareat
475 1933 548 1994 ante
571 1947 627 2005 se,
655 1927 838 1991 invenietur
866 1926 971 2008 posita
993 1945 1091 2008 super
1114 1927 1222 2008 ipsum
1244 1947 1282 2008 q,

217 2042 304 2106 linea
326 2041 414 2104 enim
437 2058 496 2120 cap
527 2047 575 2104 est
596 2037 875 2120 perpendicularis
898 2057 994 2120 super
1014 2055 1281 2121 unamquamque

215 2171 253 2216 ex
276 2153 341 2227 tel,
366 2153 429 2216 rel.
453 2153 488 2212 lit
511 2169 583 2214 cunr
608 2149 804 2212 solverimus
827 2149 953 2225 visum,
976 2167 1146 2230 quousque
1168 2168 1280 2231 perve-
1320 2185 1325 2196 ·

214 2263 300 2327 nerii
323 2263 362 2326 ad
386 2261 497 2324 locum
520 2261 692 2324 adversum
714 2259 791 2325 huic
814 2258 907 2334 loco,
932 2265 965 2322 ct
988 2261 1207 2340 aspexerimus
1231 2279 1281 2324 se-

213 2373 357 2438 cundum
380 2372 591 2436 directionem
608 2370 714 2434 lineae
729 2389 781 2450 qe,
797 2363 881 2448 quae
897 2388 996 2452 super
1013 2371 1195 2450 marginem
1210 2371 1279 2436 vol·
1354 2365 1360 2377 '

213 2484 313 2557 vitur,
330 2483 498 2563 apparebit
516 2481 611 2544 nobis
624 2499 677 2544 res
691 2480 724 2542 in
743 2479 949 2561 oppositione
963 2499 1016 2560 qe,
1036 2483 1097 2544 erit
1112 2483 1194 2546 situs
1210 2483 1279 2546 eius

139 2653 146 2660 .
213 2611 311 2674 snper
331 2611 391 2667 eo,
413 2597 445 2656 et
466 2610 532 2656 non
555 2593 616 2655 erit
638 2591 750 2656 fractio
777 2591 810 2652 in
834 2591 922 2654 exitu
944 2591 981 2654 de
1004 2592 1086 2656 vitro
1109 2594 1148 2656 ad
1171 2611 1281 2658 aerem

214 2704 276 2768 hac
299 2704 414 2768 eadem
436 2703 475 2766 de
501 2721 609 2768 causa.
638 2701 769 2764 sivero
793 2700 1196 2784 sumpserimus'aliquam
1219 2705 1281 2768 cir-

214 2813 461 2878 cumferentiam
484 2815 592 2876 datam
616 2830 634 2874 a
656 2820 775 2893 puncto
798 2831 825 2888 c,
848 2817 884 2874 ut
907 2813 1205 2878 circumferentiam
1226 2835 1281 2890 aa,

213 2931 245 2986 et
268 2924 520 3005 protraxerimus
543 2923 737 2996 fiammae,
760 2921 941 2984 colorantes
959 2940 1031 2984 eam
1049 2922 1158 2986 colore
1175 2925 1279 3005 nigro,

211 3040 244 3097 et
264 3051 376 3096 mrsus
399 3033 620 3112 aspexerimus
635 3031 704 3106 hic,
726 3049 895 3112 quousque
911 3049 963 3093 res
979 3049 1061 3110 quae
1079 3031 1216 3096 volvitur
1234 3053 1280 3097 re·

211 3151 259 3206 tro
280 3143 409 3218 vitrum,
423 3142 578 3206 'videatur
590 3142 625 3203 in
640 3141 818 3205 directione
835 3141 938 3222 ipsius
954 3141 1072 3215 lineae,
1088 3153 1120 3206 et
1135 3145 1280 3224 signave-

210 3253 315 3316 rimus
338 3252 449 3334 aliquo
466 3254 558 3333 signo
575 3251 685 3317 locum
703 3269 800 3332 quem
816 3251 1052 3328 invenerimus,
1076 3261 1111 3315 ut
1126 3253 1235 3316 locum
1250 3257 1280 3329 t,

211 3381 379 3446 quousque
403 3361 494 3439 color
523 3363 615 3442 niger
641 3363 799 3426 efficiatur
820 3362 995 3426 continuus
1018 3382 1093 3426 cum
1114 3367 1172 3440 ele,
1195 3365 1281 3430 inve·

210 3475 339 3537 niemus
354 3473 474 3538 iterum
490 3473 545 3536 hic
561 3472 648 3554 quod
662 3471 799 3554 angulus
814 3491 878 3537 aaz
893 3475 998 3537 maior
1011 3481 1058 3536 est
1073 3473 1191 3556 angulo
1204 3479 1279 3556 aad,

211 3591 242 3648 et
264 3584 471 3648 inveniemus
495 3591 705 3665 augmentum
729 3585 798 3648 eius
821 3584 927 3647 maius
951 3602 1050 3664 quam
1068 3593 1279 3666 augmentum

209 3695 279 3758 eius
302 3694 336 3756 in
361 3713 454 3776 aqua,
475 3695 533 3758 nbi
551 3701 619 3757 erat
635 3694 787 3756 distantia
803 3696 887 3758 sicut
902 3693 981 3758 haec
997 3696 1163 3760 distantia.
1187 3696 1280 3760 Cum·

210 3821 272 3886 que
286 3803 473 3868 steterimus
487 3805 518 3865 in
536 3803 609 3866 loco
626 3804 738 3885 puncti
754 3807 784 3880 fa,
798 3805 854 3886 qui
869 3812 918 3866 est
932 3806 1099 3886 oppositus
1118 3813 1238 3887 puncto
1254 3826 1279 3882 c,

208 3921 240 3978 et
254 3906 483 3996 ¹aspexerimus
507 3913 546 3976 ab
571 3913 641 3994 ipso
664 3921 785 3995 puncto
807 3915 841 3990 lv,
865 3915 1046 3978 secundum
1063 3916 1119 3991 lec,
1142 3935 1277 3998 appare-

208 4025 291 4088 bunt
315 4025 445 4106 utrique
473 4022 571 4087 simul
600 4041 698 4104 super
723 4042 823 4087 unam
847 4031 878 4088 et
901 4025 1051 4089 eamdem
1074 4025 1220 4104 lineem;
1248 4033 1279 4090 et

211 4133 289 4216 quie
310 4133 346 4198 in
370 4134 529 4198 hocloco
556 4134 705 4229 apparuit
733 4133 828 4198 flexio
851 4134 950 4210 radii,
973 4142 1120 4217 oportet,
1147 4143 1183 4201 ut
1203 4155 1278 4201 cum
