3550 5452
441 613 483 679 aa

441 723 550 788 maior
571 739 672 804 quam
693 719 844 786 lineato.
874 723 1001 796 Quanto
1024 721 1129 802 magis
1152 739 1229 802 ergo
1251 729 1384 802 superat
1405 725 1451 802 pit
1473 723 1516 786 li·

442 849 541 898 neam
561 836 624 912 pt!
1317 843 1320 894 ᾳ

483 943 527 1005 Ex
540 942 593 1005 his
607 942 707 1005 etiem
721 959 807 1022 qliae
822 940 975 1016 diximus,
992 939 1278 1004 demonstrabitur
1292 940 1416 1016 leviter,
1427 942 1519 1023 quod

440 1051 548 1114 lorma
557 1066 682 1126 rarum,
695 1069 837 1132 quarum
850 1057 990 1130 augetur
1002 1051 1167 1126 distantia,
1179 1056 1212 1112 et
1222 1051 1306 1114 aliae
1320 1051 1517 1115 remotiores

440 1167 521 1223 sunt
540 1159 633 1238 aliis,
655 1161 816 1224 remotior
835 1159 888 1234 lit,
910 1167 943 1222 et
963 1159 1120 1223 distantia
1142 1161 1214 1223 eius
1237 1166 1374 1241 apparet
1394 1160 1515 1224 maior.

439 1269 653 1333 Protrahatur
666 1285 745 1347 ergo
764 1267 918 1332 lineabis
939 1267 982 1330 ad
1001 1287 1055 1344 m,
1077 1274 1111 1330 ot
1131 1267 1308 1350 copuletur
1327 1268 1418 1332 linea
1438 1285 1516 1343 em,

440 1386 474 1442 et
493 1379 694 1458 producatur
715 1376 806 1440 linea
826 1379 907 1452 zbt,
935 1395 1109 1458 quousque
1132 1377 1313 1441 obviaverit
1333 1377 1445 1442 lineae
1464 1395 1518 1440 em

440 1488 475 1550 iu
498 1493 620 1568 puncto
640 1506 677 1549 n.
700 1484 734 1549 Si
757 1505 834 1567 ergo
857 1486 1069 1567 posuerimus
1085 1487 1176 1568 qnod
1194 1490 1217 1551 lv
1237 1487 1281 1551 sit
1303 1487 1394 1550 aliud
1416 1501 1518 1568 quarn

438 1615 493 1671 m,
515 1603 548 1661 et
569 1597 660 1678 quod
684 1615 717 1659 m
743 1597 787 1659 sit
806 1597 965 1660 remotior
986 1612 1088 1677 quam
1108 1599 1149 1672 o,
1171 1599 1235 1661 erit
1255 1598 1372 1678 utique
1392 1617 1434 1676 o,
1457 1597 1516 1677 qui

441 1713 493 1770 est
507 1707 614 1771 forme
633 1726 679 1782 m,
700 1705 861 1770 remotior
882 1723 983 1787 quem
998 1716 1023 1782 t,
1041 1707 1099 1787 qui
1114 1715 1165 1771 est
1180 1705 1287 1770 lorme
1302 1709 1339 1782 lt,
1353 1724 1373 1770 a
1386 1707 1461 1769 visu
1475 1723 1494 1767 s
1503 1727 1516 1781 ,·

440 1822 474 1880 et
494 1815 523 1878 si
544 1816 757 1897 posuerimus
780 1816 870 1896 quod
889 1815 968 1880 isit
984 1835 1031 1891 m,
1054 1817 1114 1880 sed
1129 1817 1286 1879 distantia
1300 1817 1344 1879 sit
1357 1833 1518 1895 augmen·

441 1930 506 1990 tata
525 1924 561 1988 ln
584 1923 800 1990 translatione
822 1927 895 1991 eius
918 1927 1002 1989 ebt
1030 1926 1071 1991 ad
1101 1945 1155 2001 m,
1178 1927 1241 1990 erit
1261 1925 1384 1990 iterum
1406 1925 1516 1990 forma

440 2031 515 2098 eius
538 2035 713 2113 remotior,
735 2051 813 2098 oum
834 2037 879 2098 sit
899 2034 1061 2099 translata
1083 2053 1103 2098 a
1124 2045 1136 2096 t
1157 2036 1199 2099 ad
1220 2053 1252 2098 o.

482 2143 522 2207 ln
536 2144 681 2226 speculis
696 2144 807 2208 curvis
822 2145 949 2208 formae
961 2162 1085 2219 rerum,
1097 2163 1240 2225 quarum
1253 2145 1337 2208 situs
1349 2150 1400 2208 est
1409 2151 1448 2207 ut
1459 2141 1518 2208 ilia

441 2269 543 2335 quam
558 2253 704 2318 diximus
718 2255 754 2316 in
769 2254 878 2334 planis
893 2249 1049 2335 speoulis,
1064 2255 1123 2318 ubi
1137 2253 1246 2319 lineae
1261 2273 1346 2338 quae
1360 2253 1517 2335 oopulant

335 2397 337 2402 ,
439 2364 599 2427 terminos
621 2362 672 2426 rei
692 2361 851 2426 videndae
873 2369 953 2427 sunt
972 2371 1062 2429 reete
1085 2365 1223 2446 positae,
1246 2371 1383 2447 apparet
1402 2363 1516 2428 minor

439 2487 543 2553 quarn
555 2471 747 2552 magnitudo
762 2472 912 2554 ipsarum
926 2476 1051 2548 reruni,
1066 2473 1095 2537 si
1111 2480 1223 2538 essent
1234 2474 1271 2536 in
1285 2471 1345 2538 illo
1360 2473 1433 2538 looo
1448 2491 1515 2554 quo

439 2579 557 2655 fornia,
579 2585 612 2644 et
632 2582 816 2644 seeundum
837 2581 949 2662 ipsum
964 2584 1068 2646 situm
1080 2592 1115 2647 et
1129 2583 1329 2658 distantiam,
1344 2589 1378 2647 et
1392 2583 1517 2664 aspice·

441 2695 534 2754 retur
553 2691 627 2753 sine
648 2691 925 2756 reverberatione.
946 2693 1021 2756 Esto
1043 2692 1146 2757 seoiio
1167 2691 1295 2769 olrouli,
1315 2693 1375 2774 qui
1391 2693 1427 2754 in
1441 2709 1513 2773 spo·

439 2797 519 2863 oulo
539 2815 658 2874 ourvo‚
680 2805 714 2862 et
733 2800 777 2862 sit
796 2799 861 2880 obp
877 2799 942 2881 (tq.
960 2801 1030 2876 32),
1054 2809 1087 2867 et
1106 2809 1258 2866 oentrum
1279 2803 1352 2865 eius
1365 2805 1402 2876 d,
1423 2801 1514 2864 visus

439 2915 553 2972 autem
574 2927 606 2983 e,
627 2914 661 2972 et
679 2909 893 2990 protrahetur
914 2929 933 2974 a
954 2919 1077 2994 punoto
1097 2929 1114 2974 e
1133 2911 1415 2993 perpendicularis
1436 2911 1515 2986 eid,

439 3015 549 3099 sitque
575 3015 665 3082 linea
692 3017 852 3100 copulans
879 3021 1040 3085 terminos
1067 3021 1117 3084 rei
1141 3016 1302 3085 videndae
1326 3023 1391 3096 sia·
1417 3027 1451 3084 et
1470 3019 1515 3082 sit

439 3128 523 3191 situs
543 3127 594 3192 rei
613 3123 775 3194 videndae
797 3128 887 3206 talis,
908 3135 946 3192 ut
966 3128 1058 3193 linea
1077 3131 1138 3196 abd
1159 3137 1249 3194 seret
1269 3129 1399 3208 lineam
1412 3131 1457 3194 ab
1478 3130 1512 3192 in

439 3237 522 3302 dues
544 3236 699 3318 aequules
720 3246 828 3319 partes
851 3240 892 3302 ad
912 3247 1020 3304 reotos
1042 3237 1196 3320 angulos,
1217 3239 1402 3304 seeundum
1425 3239 1514 3320 quod

437 3345 547 3411 existit
567 3363 621 3410 res
643 3347 809 3428 opposita,
826 3355 860 3412 et
877 3346 1137 3430 producanture
1156 3356 1279 3431 punoto
1301 3368 1317 3414 e
1339 3349 1405 3413 duo
1426 3347 1512 3412 radii

436 3455 570 3520 refracti
585 3456 658 3519 ads
680 3463 713 3520 at
727 3457 803 3519 adt
818 3458 860 3521 ad
875 3457 1030 3538 aequales
1050 3459 1198 3539 angulos,
1215 3465 1248 3522 et
1261 3461 1327 3522 sint
1341 3475 1420 3534 soz,
1434 3461 1512 3539 epis,

438 3572 473 3630 et
486 3557 684 3646 copulentur
697 3563 806 3629 lineae
820 3568 841 3628 d
846 3584 875 3642 s,
888 3569 946 3642 db,
968 3573 1002 3630 et
1015 3569 1240 3649 producantur
1256 3590 1302 3649 ep,
1317 3588 1367 3644 ea,
1388 3587 1514 3650 quous·

404 3675 408 3686 '
437 3689 503 3755 qus
530 3673 737 3738 obviaverint
766 3673 865 3738 lineis
890 3677 950 3752 id,
971 3680 1017 3741 sd
1043 3677 1079 3740 in
1101 3679 1232 3758 punotis
1255 3681 1286 3741 it
1298 3702 1310 3752 ,·
1338 3679 1515 3760 copuletur

436 3783 525 3848 linea
538 3785 574 3847 it.
596 3783 785 3848 seeundum
802 3785 965 3867 principia
982 3803 1058 3866 ergo
1074 3805 1159 3867 quae
1174 3790 1438 3869 praeposuimus,
1455 3789 1512 3852 de·

435 3893 493 3957 bot
512 3893 618 3957 videri
639 3895 747 3958 forma
767 3915 788 3957 z
808 3894 844 3956 in
867 3894 984 3972 loeus,
1007 3904 1039 3960 et
1060 3897 1249 3961 formatio
1266 3898 1339 3962 loeo
1357 3901 1384 3974 i,
1399 3906 1432 3962 et
1447 3899 1510 3962 erit

435 4002 525 4070 lineo
546 4005 574 4067 it
594 4002 653 4070 illa
675 4021 761 4085 quae
782 4004 917 4085 copulat
938 4006 1100 4070 terminos
1121 4008 1246 4072 lormaa
1269 4007 1319 4072 rei
1337 4009 1508 4083 videndae,

435 4119 467 4175 et
489 4113 610 4193 positio
633 4114 706 4178 eius
724 4115 812 4178 siout
828 4115 949 4194 positio
962 4117 1020 4200 slep
1043 4123 1075 4181 et
1089 4117 1169 4198 quie
1184 4117 1339 4183 distantia
1353 4119 1468 4199 puncti
1482 4136 1509 4190 e,
