3550 5452
453 575 492 638 51

449 686 521 747 eius
544 684 605 750 erit
628 699 736 745 curva.
759 681 824 744 Sed
846 682 924 762 quia
946 699 1063 750 sensus
1087 679 1227 770 visibilis
1248 681 1462 766 ratiocinatur¹
1485 681 1524 744 de

363 823 368 830 ·
447 793 563 872 liguris
585 791 777 853 huiusmodi
793 809 916 863 rerum,
935 791 1025 872 quod
1042 791 1109 852 sint
1128 790 1275 853 diversae
1295 808 1314 852 a
1331 809 1392 852 sun
1408 791 1524 870 ligura,

448 903 668 965 ratiocinatur
690 901 780 963 euim
802 918 984 964 concavum
1008 919 1067 980 per
1090 901 1283 962 curvitatem
1300 900 1424 980 figurae
1439 900 1527 964 basis

447 1011 618 1072 radiorum
640 1028 795 1084 sucrum,
812 1018 845 1072 ct
860 1011 950 1089 quod
967 1027 1019 1072 res
1037 1010 1079 1070 sit
1094 1027 1194 1071 curva
1210 1024 1269 1089 per
1286 1008 1523 1072 concavitatem

446 1120 534 1206 basis
564 1121 753 1199 radiorum;
783 1119 938 1182 similiter
967 1120 1066 1182 etiam
1096 1119 1311 1182 ratiocinatur
1341 1127 1374 1180 et
1400 1120 1436 1180 iu
1459 1119 1522 1180 bis.

448 1232 529 1294 ilum
559 1230 650 1294 enim
679 1229 768 1292 basis
796 1229 979 1292 visibilium
1008 1229 1178 1295 radiorum
1206 1217 1396 1292 cadentium
1425 1247 1530 1312 super.

448 1340 562 1403 locum
587 1356 767 1402 concavum
792 1356 812 1402 a
836 1339 938 1404 latere
966 1338 1094 1420 sculpto
1124 1339 1191 1412 roi,
1220 1356 1320 1420 quam
1350 1339 1442 1402 visus
1464 1357 1524 1419 pe·

446 1456 568 1523 netrat,
586 1430 690 1512 ¹inerit
706 1465 869 1521 concava,
891 1447 1108 1511 ratiocinatur
1128 1437 1216 1528 ipsas
1235 1465 1288 1511 res
1305 1467 1377 1512 esse
1392 1466 1521 1544 curvas,

448 1560 486 1622 dc
519 1557 593 1622 loco
625 1565 737 1620 autem
769 1575 868 1620 curvo
901 1557 1118 1620 ratiocinatur
1150 1559 1240 1638 quod
1270 1557 1313 1620 sit
1344 1576 1523 1630 concavus,

450 1668 583 1748 quando
605 1667 694 1732 basis
717 1666 901 1730 visibilium
924 1668 1091 1730 radiorum
1115 1669 1152 1730 stt
1173 1668 1220 1730 ibi
1242 1684 1353 1732 curva.

491 1778 616 1840 Accidit
632 1777 731 1851 etiam
747 1777 783 1840 in
798 1784 893 1840 motu
908 1778 949 1840 de
964 1777 1141 1856 speciebus
1156 1777 1340 1857 imaginum
1356 1777 1523 1856 quoddam
1539 1783 1541 1792 ’

450 1885 569 1960 simile,
584 1887 674 1966 quod
693 1877 848 1966 possibile
867 1892 916 1950 est
934 1887 1032 1950 nobis
1048 1887 1237 1966 dignoscere
1253 1905 1291 1950 ex
1306 1887 1459 1966 hisquae
1474 1905 1525 1950 er·

450 1997 634 2076 posuimus,
648 1995 800 2076 videlicet
814 1997 904 2076 quod
919 2013 972 2058 res
988 2013 1074 2076 quae
1090 2014 1157 2057 non
1173 2003 1348 2058 moventur
1358 1997 1525 2070 velociter,
1626 1972 1631 1980 ¹

449 2123 526 2170 cum
543 2104 699 2170 velociter
717 2106 911 2170 evanuerint
926 2125 945 2167 a
959 2105 1049 2178 visu,
1066 2106 1245 2168 arbitratur
1263 2106 1429 2186 aspiciens
1446 2105 1523 2170 illas

450 2234 522 2280 esae
540 2214 671 2280 veloces
689 2215 725 2278 in
744 2222 852 2290 motu,
870 2223 984 2295 utpote
1004 2216 1089 2295 iguis
1104 2216 1162 2294 qui
1177 2215 1282 2278 currit
1296 2217 1428 2278 modico
1444 2224 1524 2283 tem·

409 2345 413 2352 ·
451 2343 541 2406 pore,
557 2332 589 2388 et
606 2330 643 2386 ut
659 2323 790 2386 favillae
808 2323 910 2403 ignis,
927 2331 960 2386 et
977 2323 1036 2388 illa
1051 2341 1135 2403 quae
1152 2332 1325 2388 moventur
1340 2325 1374 2388 in
1392 2325 1524 2390 forami·

452 2433 551 2496 nibus
565 2440 598 2496 et
610 2431 694 2496 locis
710 2435 870 2512 augustis.
883 2434 951 2497 lloc
966 2443 1078 2498 autem
1089 2434 1218 2507 accidit,
1232 2435 1313 2515 quia
1324 2453 1442 2499 sensus
1453 2454 1523 2499 nou
1602 2485 1605 2494 ,

449 2543 666 2606 ratiocinatur
683 2549 762 2605 tunc
779 2544 998 2622 quantitatem
1014 2544 1208 2606 mutationis
1224 2544 1306 2608 radii
1321 2562 1379 2624 per
1394 2553 1523 2626 tempus
1622 2559 1626 2568 ·

449 2669 515 2733 quo
538 2651 623 2715 illud
646 2651 781 2725 accidit,
803 2653 863 2716 sed
885 2671 943 2733 per
961 2652 995 2715 id
1012 2653 1103 2732 quod
1120 2661 1254 2734 apparet
1271 2660 1303 2720 et
1321 2654 1522 2734 dignoscitur

445 2779 505 2842 per
525 2760 683 2824 colorem.
707 2761 787 2823 Cum
809 2762 900 2826 enim
922 2761 956 2824 in
980 2779 1078 2842 parvo
1100 2762 1308 2828 sensibilium
1335 2770 1519 2844 temporum

446 2888 499 2934 res
518 2867 632 2950 aliqua
648 2871 815 2934 transierit
834 2877 935 2934 totam
952 2869 1164 2934 latitudinem
1175 2872 1316 2936 visibilis
1327 2874 1520 2953 pyramidis,

446 2979 639 3059 apparatio
666 2986 760 3046 motu
785 2979 894 3054 velox,
916 2987 948 3042 et
963 2980 1186 3042 ¹absconditur
1211 2999 1312 3061 penes
1340 2985 1521 3046 terminum

445 3088 648 3167 latitudiuis;
671 3089 729 3152 sed
751 3088 780 3152 si
803 3090 957 3154 acciderit
983 3091 1019 3153 in
1044 3092 1144 3154 rebus
1160 3109 1245 3170 quae
1261 3099 1446 3166 moventur,
1463 3092 1522 3156 ali·

447 3181 549 3277 quam
572 3215 687 3262 aarum
710 3200 876 3279 corrumpi
898 3200 951 3263 vel
973 3199 1129 3264 abscondi
1151 3218 1188 3262 ex
1211 3199 1276 3262 alia
1299 3217 1399 3264 causa
1419 3218 1521 3280 quam

445 3307 526 3378 ista,
548 3305 650 3370 veluti
671 3307 699 3370 si
722 3316 990 3389 corrumperetur
1014 3316 1193 3388 antequam
1220 3309 1443 3390 extinguatur,
1464 3318 1521 3375 aut

443 3415 703 3480 absconderetur
727 3425 906 3497 antequam
931 3420 1022 3482 visus
1049 3437 1087 3482 ex
1114 3420 1263 3498 utrisque
1290 3418 1450 3484 lateribus
1472 3427 1519 3484 te·

445 3531 586 3604 geretur,
608 3533 769 3606 putantur
789 3537 861 3592 esse
883 3527 1013 3592 veloces
1031 3529 1066 3590 in
1085 3537 1194 3603 motu,
1218 3529 1385 3610 quoniam¹
1401 3517 1519 3594 seuau'a

443 3653 511 3698 non
537 3635 623 3698 cadit
649 3643 727 3698 tunc
753 3655 852 3718 super
878 3636 1104 3712 velocitatem,
1127 3639 1192 3702 nisi
1218 3657 1255 3702 ea
1281 3639 1451 3704 velocitate
1474 3648 1519 3702 te·

445 3744 564 3807 ctiouis
594 3752 627 3808 et
657 3731 886 3812 absconsionis
917 3745 983 3810 reb‘
1008 3749 1132 3810 Rursus
1163 3765 1241 3810 cum
1271 3749 1371 3812 luerit
1399 3748 1519 3814 fluvius
1551 3771 1557 3782 ·

446 3853 621 3933 quiescens
643 3855 715 3918 sine
738 3856 837 3918 undis
861 3857 968 3920 lluens
996 3857 1226 3932 vehementer,
1248 3867 1280 3921 et
1302 3858 1457 3922 fueritin
1481 3877 1520 3924 eo

445 3963 538 4024 navis
560 3969 662 4038 stans,
685 3962 741 4027 ille
759 3959 817 4043 qui
836 3966 876 4028 de
896 3967 1111 4030 existentibus
1127 3967 1160 4029 in
1178 3967 1253 4032 navi
1270 3987 1336 4032 nou
1353 3968 1469 4049 aspicit
1483 3969 1518 4030 in

446 4079 583 4159 terram,
602 4090 686 4152 quae
705 4083 794 4138 extra
808 4082 876 4152 est,
894 4084 986 4156 putat
1001 4094 1118 4142 navem
1134 4078 1312 4142 ascendere
1328 4079 1518 4144 vehementi
1558 4099 1560 4104 ’
