3520 5466
557 797 696 859 Vermero
716 797 876 858 ebrunio·
890 815 972 876 pure
994 817 1014 858 o
1038 800 1201 860 Totumne:

512 943 602 1005 Isibri
621 945 675 1006 HI
697 947 826 1024 Magioi.

512 1041 606 1102 Liber
626 1043 663 1104 de
682 1043 838 1116 Annulis,
859 1047 889 1104 et
911 1043 983 1103 libri
1004 1043 1191 1120 Astrologiei
1211 1044 1251 1104 ed
1271 1043 1458 1105 Aristonem.

432 1138 513 1216 Pap.
536 1139 606 1212 III,
629 1142 684 1202 ue.
708 1144 756 1202 17.
779 1177 819 1188 -
834 1141 985 1202 Dumieni
1005 1140 1205 1219 Philosophi,
1222 1141 1383 1203 Heliodori
1397 1142 1552 1204 Lerisseei

513 1235 549 1296 de
571 1237 701 1317 Optieis,
724 1239 796 1300 libri
816 1238 861 1298 II.
885 1239 977 1300 Nune
999 1239 1135 1316 primum
1156 1239 1242 1311 editi,
1264 1243 1293 1300 et
1313 1239 1552 1300 animadversio·

517 1333 610 1395 nibus
631 1336 783 1397 illustrati
805 1336 844 1397 eb
865 1336 997 1398 Erasmo
1019 1336 1205 1398 Bartholino
1222 1336 1314 1415 Oesp.
1332 1336 1478 1398 Filio—
1492 1336 1551 1396 Pe-

513 1434 607 1507 risiis,
623 1453 659 1494 ex
673 1433 802 1495 oifieine.
816 1433 1032 1506 Cremonensi,
1044 1433 1089 1493 M.
1102 1433 1169 1494 DO.
1182 1433 1284 1494 LVII.
1300 1434 1379 1495 Oum
1389 1433 1552 1512 privilegio

514 1531 606 1610 Regis
629 1530 904 1594 christianissimi.
921 1533 991 1590 -1
1015 1531 1077 1591 vol.
1101 1531 1194 1591 in·4⁰.

552 1714 599 1775 Al
623 1713 708 1791 Oupo
729 1712 781 1772 III
803 1715 890 1792 (pop.
914 1716 947 1804 5)
969 1712 1153 1775 dell'Ottioe
1169 1713 1349 1775 d'Eliodoro
1363 1715 1392 1775 ot
1407 1716 1509 1793 leppe:

554 1883 569 1921 u
593 1861 681 1923 Unde
700 1860 902 1922 menifestum
923 1866 984 1936 est,
1009 1861 1145 1922 visibilia
1165 1860 1284 1939 objecta
1308 1864 1326 1922 b
1346 1861 1434 1922 nobis
1455 1862 1552 1923 videri

514 1981 530 2018 r
552 1959 713 2020 emissione
739 1957 840 2020 lueis:
864 1959 946 2036 quod
965 1964 995 2020 et
1015 1958 1188 2020 euidentius
1209 1958 1346 2037 patebit,
1369 1959 1421 2020 vbi
1441 1960 1552 2020 simili·

515 2079 530 2116 t
553 2057 693 2118 tudinem
714 2055 800 2116 visus
820 2055 920 2116 nostri
941 2075 1011 2117 oum
1033 2056 1102 2117 Sole
1122 2056 1380 2136 proposuerimus.
1404 2057 1483 2118 Dioo
1498 2077 1552 2118 eu·

516 2176 531 2214 o
555 2158 627 2229 tem,
644 2155 676 2215 id
697 2154 780 2232 quod
803 2156 820 2212 b
841 2152 929 2214 nobis
950 2153 1116 2226 emittitur,
1138 2154 1282 2232 quodque
1302 2155 1405 2214 visum
1420 2155 1552 2215 solemus

552 2252 718 2330 appellere,
742 2254 825 2311 reotb
846 2251 930 2323 ferri,
953 2256 983 2311 et
1004 2251 1130 2328 quidem
1150 2252 1320 2312 seeundum
1334 2250 1467 2329 figurem
1482 2238 1554 2313 ooni

515 2348 746 2425 ‹reetenguliz
771 2348 854 2425 quod
884 2348 1129 2409 demonstratum
1161 2352 1206 2410 est
1226 2349 1408 2410 meohoniee
1429 2368 1483 2428 per
1505 2349 1553 2410 in·

552 2449 724 2508 strumento
746 2465 765 2507 s
786 2445 963 2507 Ptolomaeo
984 2446 1017 2506 in
1039 2466 1128 2525 opere
1151 2447 1259 2525 Optioo
1282 2471 1310 2509 n.

554 2614 585 2675 A
608 2619 712 2691 queste
729 2613 839 2691 parole
869 2614 895 2673 e'l
924 2613 1090 2673 Bortole'oo
1118 2614 1271 2692 appiuupe
1292 2619 1380 2693 (pop.
1406 2619 1476 2693 103)
1509 2631 1552 2674 un

516 2711 607 2788 leupo
635 2715 819 2782 commento,
849 2709 899 2768 oet
929 2711 1019 2785 quote
1034 2710 1097 2787 fro
1118 2710 1199 2769 ultre
1220 2727 1286 2770 cose
1307 2712 1371 2770 otto
1393 2712 1425 2771 lu
1443 2713 1551 2790 prefa-

512 2807 598 2868 ze‘oue
623 2806 702 2866 delto
732 2812 828 2866 stesso
861 2806 1001 2866 Poloueeo
1032 2808 1065 2868 ol
1098 2823 1154 2866 ouo
1178 2807 1204 2868 I
1224 2807 1301 2867 libro
1326 2807 1372 2867 De
1398 2807 1550 2885 speculis,

513 2907 588 2967 dove
610 2903 689 2965 dieo:
717 2902 794 2964 «De
816 2902 976 2981 Dioptrioo
1000 2908 1115 2976 eutem,
1139 2906 1157 2964 b
1178 2905 1266 2965 nobis
1286 2906 1320 2966 in
1341 2905 1412 2966 eliis
1433 2904 1552 2969 dietum

515 3023 530 3062 u
553 3003 597 3062 est
617 3001 749 3078 copiose,
772 3005 893 3079 quante
914 3000 1097 3062 videbuntur
1120 3026 1148 3064 s.

433 3151 514 3229 Pop.
531 3149 588 3221 IV,
606 3151 661 3211 tte.
677 3153 704 3212 1.
717 3185 757 3198 -
768 3150 926 3229 Simplicii
941 3149 1125 3228 Philosophi
1140 3151 1315 3211 acutissimi
1329 3152 1552 3213 oommenteriu

513 3247 547 3307 in
574 3251 709 3324 quotuor
729 3247 880 3308 librosde
902 3247 992 3308 Coelo
1014 3248 1201 3320 Aristotelis,
1230 3247 1397 3310 Guillermo
1418 3249 1553 3310 Morbeto

515 3345 690 3422 interprete.
714 3346 796 3416 Quae
817 3344 922 3416 omniu
945 3364 1017 3404 oum
1039 3343 1226 3404 fidelissimis
1247 3345 1412 3407 (lodicibus
1428 3347 1552 3407 Greeois

514 3460 618 3502 reeens
640 3441 755 3501 uellate
776 3440 869 3501 fuere.
886 3476 925 3486 —
938 3441 1087 3510 Venetus,
1112 3444 1201 3512 1540,
1224 3442 1305 3518 opud
1325 3442 1553 3523 Hieronymum

514 3536 652 3599 Sootum.
671 3541 686 3596 1
703 3537 764 3597 vol.
781 3537 882 3597 in·fol.
901 3537 968 3597 Ful.
986 3539 1015 3610 3,
1040 3537 1098 3597 ool.
1117 3541 1146 3610 1,
1160 3538 1216 3596 lin.
1235 3541 1337 3599 20-25.
1356 3539 1552 3601 «Sciendum

516 3639 657 3696 rentem
687 3635 770 3712 quod
800 3633 1020 3695 Ptholomeeus
1052 3636 1087 3696 in
1107 3635 1186 3696 libro
1207 3637 1243 3697 de
1264 3637 1447 3711 Elementis,
1469 3641 1498 3700 et
1518 3639 1552 3698 in

516 3731 758 3808 «Perspeotivis
762 3776 849 3792 .......
863 3717 889 3793 vt

433 3880 515 3961 Pup.
538 3880 596 3954 IV,
620 3882 674 3942 liu.
699 3883 727 3940 4.
750 3917 790 3926 -
811 3880 931 3942 Fratris
961 3881 1084 3959 Rogerii
1105 3883 1213 3944 Bsoon
1235 3883 1352 3945 ordinis
1374 3883 1550 3956 minorum,

514 3978 599 4040 Orus
610 3977 735 4050 Mirus
747 3979 786 4039 ed
799 3978 987 4039 Clementem
1000 3981 1152 4052 Quartum
1164 3980 1351 4042 Pontifioem
1363 3980 1551 4057 Romanum,

513 4096 548 4136 ex
578 4075 646 4137 MS.
665 4076 776 4137 Oodioe
797 4075 1008 4147 Dubliniensi‚
1032 4097 1104 4140 eum
1125 4078 1196 4138 eliis
1218 4078 1406 4155 quibusdem
1427 4080 1551 4153 oolleto,

513 4192 598 4234 nune
619 4174 757 4252 primum
784 4173 879 4233 edidit
901 4174 932 4236 S.
957 4175 1054 4249 Jebb,
1078 4176 1121 4237 M.
1146 4174 1187 4234 D.
1210 4212 1250 4221 -
1269 4175 1426 4249 Londini,
1456 4177 1553 4258 Pypis

515 4270 673 4332 Guilielmi
693 4270 831 4352 Bowyer.
855 4271 888 4330 M
902 4316 908 4330 .
922 4271 1005 4332 Duo
1020 4317 1026 4330 .
1041 4271 1197 4356 XXXIII,
1220 4272 1323 4334 in·fol.
