3520 5466
442 597 482 662 ld

439 706 589 788 regitino,
611 703 772 770 Similiter
791 700 893 768 etium
907 700 1116 768 diversitates
1131 699 1301 778 colorum,
1316 715 1417 786 super
1433 719 1518 786 quos

439 816 554 880 incidit
575 815 679 890 visus,
702 833 770 878 non
792 811 1132 893 comprehenduntur,
1154 830 1233 876 oum
1255 811 1383 878 colores
1403 833 1518 880 rernm

439 927 663 990 orihieotarum
685 923 881 1004 simpliciter
901 922 969 986 sint
991 921 1125 997 diversi,
1147 928 1179 986 et
1194 928 1305 986 cetere
1319 923 1453 1003 quaein
1469 925 1517 988 eis

440 1043 535 1111 sunt,
555 1035 683 1100 inerint
703 1031 910 1108 consimilia,
926 1031 986 1094 sed
1003 1047 1083 1099 cnm
1096 1031 1237 1098 mutatio
1252 1032 1451 1098 diversitatis
1465 1051 1518 1098 co·

438 1145 549 1210 lorum
571 1145 673 1208 tuerit
685 1141 871 1208 sensibilis.
891 1141 1071 1206 Diversitas
1093 1147 1207 1208 eutem
1227 1157 1358 1218 rerum,
1375 1159 1517 1222 quemm

439 1256 566 1320 colores
595 1255 781 1320 secundum
809 1251 957 1332 aliquam
985 1250 1208 1331 quantitatem
1229 1253 1351 1318 diversi
1371 1253 1515 1329 luerint,

437 1371 574 1448 apparet
595 1383 614 1428 a
635 1365 822 1447 propinquo
843 1362 919 1428 loco
940 1369 976 1427 et
996 1379 1065 1426 non
1081 1379 1101 1426 e
1115 1361 1225 1444 longe,
1248 1363 1410 1444 quoniam
1424 1364 1516 1430 visus

439 1477 557 1542 debitis
577 1476 616 1538 fit
637 1475 673 1539 iu
696 1475 924 1540 discernendis
946 1473 1047 1541 rebus
1069 1473 1219 1538 remotis.

480 1586 692 1650 Manifestum
713 1591 763 1649 est
784 1603 861 1665 ergo
884 1602 923 1648 ex
943 1583 996 1646 his
1017 1599 1104 1664 quae
1127 1582 1289 1660 diximus,
1311 1583 1402 1666 quod
1422 1585 1514 1654 visus

437 1696 608 1776 cognoscit
626 1696 775 1760 colorem
792 1713 850 1776 pec
865 1693 1104 1758 colorationem
1119 1693 1334 1770 assidentem,
1348 1701 1381 1760 et
1395 1712 1516 1776 cogno-

436 1806 501 1870 scit
521 1805 727 1880 albedinem,
747 1806 836 1870 verbi
860 1804 965 1886 gretie
987 1804 1067 1886 quie
1089 1802 1228 1880 dealbat,
1246 1811 1280 1868 et
1293 1805 1513 1886 nigredinem,

438 1916 518 1996 quie
537 1914 701 1996 denigret,
723 1921 758 1980 et
778 1917 827 1980 sio
847 1914 1000 1996 singulos
1022 1913 1152 1980 colores
1174 1915 1311 1980 medios.
1335 1915 1402 1982 Nec
1415 1916 1464 1980 ite
1477 1935 1513 1982 se

438 2027 541 2092 hebet
559 2035 631 2102 r'es,
653 2033 690 2090 ot
712 2026 849 2107 quidem
871 2026 1114 2106 cogitaverunt,
1129 2025 1219 2106 qnod
1232 2023 1349 2090 elbum
1362 2025 1516 2092 videlicet

436 2119 644 2220 dignoscitur
665 2155 703 2200 ex
725 2135 968 2217 disgregatione
995 2135 1190 2212 radiorum,
1218 2136 1352 2218 nigrum
1377 2148 1455 2202 vero
1477 2155 1516 2202 ex

437 2247 702 2330 congregatione.
725 2247 835 2310 Primo
858 2247 993 2326 quidem
1015 2245 1177 2325 quianon
1191 2246 1382 2312 invenimus
1399 2265 1513 2314 neccs-

438 2357 560 2422 sarism
582 2373 733 2433 censam,
756 2373 821 2435 qua
836 2374 896 2436 per
910 2354 1054 2420 alterum
1069 2354 1205 2420 fflorum
1220 2355 1450 2437 disgregentur
1463 2375 1514 2422 re·

441 2468 500 2542 dii,
520 2485 579 2548 pen
601 2466 744 2531 alterurn
758 2471 1012 2546 congregentnr3
1034 2481 1098 2530 neo
1111 2451 1179 2563 ¹{pue
1192 2466 1517 2548 comprehendantur

436 2578 541 2642 medii
560 2574 689 2641 colores
713 2595 750 2641 ex
772 2576 839 2640 illis
862 2575 1055 2656 compositi,
1079 2575 1233 2641 videlicet
1247 2577 1384 2654 rubens,
1399 2593 1515 2642 roseus

439 2695 471 2750 et
482 2689 699 2768 sanguineos.
721 2689 864 2768 Insuper
877 2687 991 2773 etiam,
1003 2686 1040 2750 id
1054 2688 1145 2770 quod
1157 2686 1266 2752 meires
1283 2694 1342 2764 eet,
1359 2688 1515 2754 derebus

438 2791 595 2860 albedine'
615 2797 865 2873 consimilibus,
888 2798 985 2863 debet
998 2797 1106 2878 magis
1119 2797 1235 2874 videri,
1251 2797 1411 2878 quonism
1426 2811 1514 2862 oom-

436 2907 654 2988 prehenditur
673 2907 790 2972 multis
812 2908 939 2983 radiis,
964 2915 1037 2972 tum
1057 2914 1191 2989 propter
1212 2907 1515 2972 accumulationem

434 3018 621 3092 mdiorum,
643 3025 715 3080 trun
738 3018 819 3099 qnia
840 3018 983 3102 angulus
1003 3017 1148 3082 risibilis
1170 3019 1351 3099 pyramidis
1372 3034 1442 3082 non
1462 3037 1513 3084 rs·

436 3135 548 3191 manet
568 3128 605 3190 in
625 3134 715 3192 stetu
735 3145 814 3203 suo,
838 3129 898 3192 sed
917 3144 997 3193 oum
1017 3146 1072 3192 res
1084 3127 1254 3192 subiectae
1268 3129 1394 3192 luerint
1407 3127 1513 3204 alites,

434 3239 539 3316 magis
562 3236 740 3316 dilatetur,
762 3239 844 3317 quia
864 3239 1055 3318 disgregari
1075 3238 1210 3316 remon
1236 3246 1271 3302 et
1291 3256 1370 3302 cum
1389 3239 1515 3304 luerint
1568 3251 1572 3260 ’

435 3348 572 3426 nigrae,
601 3347 715 3436 minim
744 3347 902 3411 dilatemr
922 3355 1056 3430 propter
1078 3349 1387 3430 congregationem,
1411 3355 1444 3413 ot
1465 3349 1513 3412 sic

433 3457 651 3537 magnitudo,
678 3471 782 3538 quem
808 3457 900 3520 visus
923 3458 964 3520 de
986 3456 1080 3522 coelo
1106 3459 1358 3540 comprehendit
1376 3459 1414 3522 in
1436 3458 1513 3534 die,

434 3565 569 3632 deberet
589 3579 662 3642 ease
685 3566 874 3649 meierille
886 3615 905 3644 „
922 3583 1024 3647 mem
1045 3569 1085 3632 in
1104 3576 1222 3646 noem,
1244 3571 1304 3634 sed
1324 3569 1412 3632 nihil
1431 3569 1512 3634 inde

433 3677 565 3746 ridetur
579 3677 740 3740 occidere.
763 3677 860 3742 Visus
877 3695 954 3759 ergo
968 3678 1140 3759 cognoscit
1153 3679 1234 3744 hese
1248 3679 1512 3760 perennitatem

434 3788 614 3869 pantonis,
638 3805 727 3867 quae
745 3789 788 3858 in,
805 3807 845 3853 eo
867 3789 921 3864 fit,
943 3796 977 3852 et
998 3790 1168 3870 cognoscit
1188 3802 1336 3872 corpora,
1352 3790 1513 3870 qnoniam

433 3899 551 3968 eccidit
571 3899 665 3965 imse
687 3898 799 3980 passio
819 3898 1024 3981 simpliciter,
1047 3917 1087 3964 eo
1111 3901 1201 3981 quod
1221 3907 1304 3963 sunt
1318 3899 1464 3964 eolorate
1477 3907 1513 3965 et

434 4008 647 4090 prohibentia
662 4009 938 4090 penetrationem,
952 4017 986 4076 st
996 4011 1168 4092 cognoscit
1181 4009 1256 4092 ipsa
1269 4011 1512 4088 universaliter,

346 4109 349 4116 ’
390 4172 394 4180 .
434 4135 476 4181 eo
504 4121 593 4199 quod
618 4118 812 4202 superficies
834 4137 887 4184 res
910 4129 960 4186 est
980 4122 1115 4204 proprie
1133 4122 1336 4204 eorporiom
1370 4121 1511 4204 corpora
