3512 5456
1255 623 1317 689 tlt
1394 689 1399 698 ,

240 747 311 795 non
334 729 441 794 estin
464 727 540 794 loeo
562 731 739 794 terminato
761 749 823 794 nec
840 739 1051 811 segregatum
1075 749 1094 795 a
1115 733 1221 798 forma
1237 741 1318 817 mfl,

243 843 303 906 sed
324 843 452 905 videtur
474 842 505 905 ei
527 845 735 916 continuum,
753 843 904 922 quamvis
919 844 962 905 sit
977 844 1064 908 inira
1078 845 1262 926 speculum,
1276 867 1318 912 ne

243 955 441 1018 continuum
463 955 666 1019 existimetur
684 972 755 1018 esse
774 955 1006 1036 disgregatum.
1031 959 1112 1020 Cum
1127 959 1228 1038 igitur
1242 977 1319 1023 aon-

242 1066 368 1130 iunetio
384 1084 467 1147 quae
483 1066 521 1128 tlt
534 1083 649 1129 versus
664 1067 849 1146 speculum,
865 1068 911 1130 sit
921 1069 1095 1131 terminata
1109 1067 1143 1131 iu
1157 1076 1277 1150 puncto
1291 1073 1315 1146 ι,

242 1178 388 1260 potentia
409 1177 604 1242 transfertur
625 1163 785 1260 positio'lr
808 1180 849 1242 ad
870 1187 1031 1262 punctum
1055 1182 1078 1254 l,
1101 1187 1138 1243 ut
1160 1179 1317 1262 iungatur

242 1287 377 1350 residuo
399 1289 517 1364 forma,
531 1296 563 1352 et
578 1288 635 1350 ilat
650 1307 763 1352 secum
779 1291 947 1364 continua,
963 1289 1116 1353 videlieet
1129 1289 1237 1354 lineae
1253 1295 1317 1369 tro,

243 1415 329 1479 quae
350 1399 507 1462 translata
528 1405 576 1463 est
598 1400 640 1464 ad
659 1401 797 1464 eandem
817 1407 958 1480 partem,
975 1407 1007 1463 et
1021 1400 1157 1463 habebit
1172 1401 1313 1465 formam

243 1509 429 1572 seeundum
452 1527 643 1573 mensurum
667 1511 824 1572 transitus
845 1511 924 1590 ιρι,
947 1517 985 1573 ιιι
1005 1515 1213 1575 eonvertatur
1228 1512 1317 1574 adid

243 1619 332 1700 quod
358 1627 408 1683 est
435 1620 655 1701 propinquius
679 1627 870 1684 transeunte
893 1621 1017 1698 forma,
1039 1639 1124 1701 quae
1146 1623 1317 1702 proprium

243 1727 353 1792 locum
376 1747 443 1792 non
459 1730 557 1793 habet
573 1730 614 1793 ad
629 1731 893 1794 convenientiam
909 1731 957 1793 rei
974 1732 1188 1794 terminatum
1205 1732 1317 1795 lotum

241 1837 403 1908 salientis.
427 1840 471 1903 Ne
494 1841 605 1921 itaque
627 1846 817 1921 repetamus
841 1845 1044 1915 sermonem,
1063 1841 1204 1904 dicimus
1227 1843 1316 1923 quod

241 1945 276 2010 in
299 1945 403 2011 altero
425 1947 526 2012 latere
549 1948 703 2013 similiter
723 1948 844 2012 assidit
857 1967 895 2010 ex
909 1947 1017 2024 lineis,
1032 1967 1118 2030 quae
1136 1950 1318 2030 procedunt

243 2073 263 2120 a
283 2063 405 2138 puncto
428 2068 440 2120 t
462 2059 502 2122 ad
524 2059 824 2122 circumierentiaur
852 2060 910 2138 by,
933 2077 1016 2151 oum
1038 2058 1190 2122 visibilis.
1204 2061 1316 2124 radius

241 2165 342 2231 fuerit
370 2169 569 2244 constitutus
598 2169 645 2234 ibi
673 2169 858 2232 seeundum
889 2167 1013 2232 lineam
1035 2188 1134 2250 mur,
1158 2187 1243 2250 quae
1267 2175 1317 2234 est

242 2277 364 2342 similis
386 2278 495 2343 lineae
516 2283 600 2343 mlo.
1102 2331 1104 2338 .
1249 2285 1264 2294 ”

285 2391 366 2454 ilum
393 2391 495 2471 igitur
521 2389 604 2460 haec
632 2389 850 2462 determinata
877 2389 1082 2467 habeamus,
1110 2391 1314 2455 demonstre-

242 2517 320 2563 mus
349 2501 559 2581 postmodum
587 2500 676 2581 quod
706 2500 747 2562 ad
776 2505 937 2580 punctum
966 2518 982 2562 e
1008 2518 1076 2563 non
1099 2501 1137 2561 fit
1159 2501 1226 2564 nisi
1248 2519 1316 2564 una

242 2611 459 2676 reverberatio
479 2611 520 2674 ad
539 2611 695 2692 aequales
713 2613 862 2692 angulos,
879 2629 955 2674 curn
970 2611 1071 2675 fuerit
1086 2611 1215 2691 pusilio,
1231 2612 1316 2675 siout

242 2723 368 2787 dietum
390 2730 448 2787 est.
472 2725 547 2787 listo
569 2724 672 2787 sentio
695 2724 809 2788 circuli
832 2725 867 2786 in
891 2737 1035 2788 concavo
1058 2723 1208 2806 speculo,
1228 2730 1262 2803 et
1273 2726 1317 2787 sit

241 2836 306 2913 ete
330 2834 392 2913 [fia.
410 2834 480 2908 58),
503 2834 598 2897 cuius
621 2839 773 2897 centrum
795 2836 829 2909 ιι,
853 2841 886 2897 et
908 2833 1127 2914 protrahatur.
1137 2833 1226 2897 linea
1242 2835 1315 2898 bate.

241 2943 389 3018 Dieiur'us
412 2961 500 3023 ergo,
523 2945 613 3026 quod
635 2945 674 3006 si·
686 2945 777 3036 visus
792 2945 893 3006 luerit
907 2962 1007 3024 super
1021 2945 1070 3019 eb,
1087 2950 1120 3006 et
1135 2961 1201 3006 non
1217 2943 1317 3008 fuerit

242 3054 277 3117 in
291 3061 412 3136 puncto
428 3056 463 3130 d,
479 3054 670 3136 refringitur
682 3054 794 3118 radius
807 3054 880 3117 eius
894 3053 927 3116 in
941 3072 976 3116 se
990 3054 1103 3134 ipsum
1119 3060 1275 3133 apunoto
1289 3055 1316 3128 b,

240 3165 330 3247 quod
350 3171 400 3228 est
414 3165 642 3240 manifestum
662 3163 772 3245 anguli
788 3164 970 3244 enim,'qui
985 3169 1063 3224 ιιιιιι
1077 3181 1179 3244 penes
1196 3165 1220 3236 l,
1236 3172 1316 3226 sunt

242 3274 413 3356 aequales;
430 3273 480 3338 illi
499 3291 577 3338 vero
589 3274 684 3349 radii,
697 3273 754 3355 qui
768 3273 994 3354 refringantur
1006 3274 1047 3336 ad
1060 3274 1318 3353 puuctumiuter

243 3385 260 3447 i
284 3391 316 3449 el
336 3387 374 3460 a,
395 3384 449 3448 rel
470 3387 558 3448 inter
578 3388 598 3448 ιι
620 3390 652 3447 et
672 3405 687 3450 e
709 3402 729 3446 a
750 3391 873 3465 punuto
896 3385 1056 3447 existente
1078 3383 1166 3446 iuter
1187 3387 1206 3446 u
1228 3390 1260 3447 et
1282 3386 1316 3458 b,

243 3495 296 3559 ael
315 3497 402 3559 inter
416 3496 433 3557 l
449 3501 481 3558 et
494 3515 528 3574 9,
544 3510 613 3557 non
629 3495 751 3558 cadunt
766 3495 806 3558 ad
822 3493 978 3575 aequales
994 3492 1135 3574 angulos
1149 3513 1188 3556 ex
1201 3493 1316 3575 aliquo

242 3605 345 3670 latere
366 3606 473 3669 nentri
489 3608 518 3682 d,
532 3611 569 3667 ut
584 3607 639 3680 ela,
656 3607 711 3669 ιιι.
735 3605 945 3668 constituunt
959 3605 1049 3668 euim
1067 3605 1216 3685 angulos,
1232 3621 1316 3685 quos

243 3716 416 3780 continent
439 3733 476 3779 ex
498 3716 649 3796 utrisque
671 3715 837 3808 lateribus·
854 3713 1060 3796 inaequales,
1082 3714 1137 3778 vel
1160 3721 1196 3776 ut
1215 3733 1316 3794 angu-

244 3825 315 3890 lum
338 3825 419 3901 ote,
441 3825 501 3908 qui
523 3831 572 3888 est
593 3824 702 3888 maior
724 3824 845 3905 angulo
868 3826 945 3889 alta
967 3827 1004 3886 Et
1019 3841 1142 3886 ‘rursus
1158 3824 1316 3905 quoniam

244 3935 357 4000 realta
371 3953 408 3999 se
422 3934 538 4009 habet,
553 3935 639 3997 siout
654 3935 744 4014 prius
759 3935 985 4014 exposuimus,
999 3934 1088 4015 quod
1103 3951 1180 3995 eum
1195 3932 1318 4008 radius,

244 4047 301 4128 qni
323 4046 514 4126 retringitur
535 4046 575 4108 ad
599 4051 757 4126 punctum
772 4063 805 4119 a,
828 4043 995 4108 transierit
1009 4063 1067 4124 per
1081 4049 1221 4124 punctos
1237 4043 1270 4118 b,
1286 4061 1316 4118 e,

243 4155 349 4220 forma
361 4155 475 4238 utique
489 4157 582 4218 risus
595 4162 730 4236 apparet
744 4155 777 4216 in
794 4155 866 4234 ipsa
879 4153 1052 4234 superficie
1064 4151 1190 4235 speculi
1201 4157 1315 4216 tersus
