3520 5466
1202 629 1207 640 ·
1278 609 1319 673 ld

240 721 312 801 ipsa
322 715 465 782 risibilis
478 712 598 782 sensus
610 717 658 793 lit,
669 717 755 797 [mi]
767 717 927 782 dabamus
939 734 1014 782 eam
1025 735 1200 800 exponere,
1214 717 1321 786 mesu

241 840 292 894 tes
304 830 398 911 prius
413 829 503 910 quod
519 829 634 891 omnia
649 845 734 908 quae
750 845 825 892 vere
840 835 900 891 aut
915 829 1021 909 primo
1034 829 1197 905 videntur,
1209 829 1320 894 vidam

241 945 295 1003 tur
316 941 435 1020 utique
454 939 719 1020 perpessionem
741 955 826 1019 quae
845 939 884 1001 fit
899 936 936 1001 in
954 939 1042 1017 visu3
1065 939 1126 1002 illa
1139 957 1219 1004 vero
1234 957 1320 1020 quae

240 1049 392 1114 videmus
408 1049 563 1128 sequenti
578 1049 689 1124 modo,
702 1049 856 1112 ridentur
868 1067 927 1131 per
941 1049 1124 1112 arridentia
1136 1067 1222 1130 quae
1238 1051 1322 1114 aooi·

243 1162 327 1223 dunt
344 1159 491 1239 passioni
509 1166 654 1235 tantum3
678 1177 742 1222 nee
755 1159 866 1240 passio
885 1166 917 1222 et
934 1160 1098 1236 aonidens,
1114 1160 1204 1241 quod
1219 1160 1251 1223 ei
1266 1178 1319 1224 an-

242 1268 332 1344 oidit,
353 1269 389 1330 in
412 1267 505 1332 omni
527 1268 601 1332 risu
618 1268 794 1332 existunto
809 1269 927 1332 virtute
943 1269 1091 1350 regitiva.
1108 1270 1173 1333 Neo
1190 1287 1265 1334 vare
1282 1269 1320 1332 fit
1393 1308 1401 1323 ·

244 1379 308 1442 hoo
323 1396 360 1442 ex
374 1380 476 1468 rebus
489 1378 639 1441 videndis
656 1384 794 1453 tantum,
805 1396 923 1442 verum
937 1379 1039 1442 etiam
1054 1397 1114 1459 per
1124 1378 1320 1444 relationem

244 1496 277 1552 et
289 1489 578 1552 ratiocinationem
593 1489 681 1552 inter
695 1487 770 1550 illas
784 1489 915 1564 iactam,
939 1495 972 1552 et
992 1488 1029 1550 id
1049 1490 1139 1569 quod
1161 1489 1320 1554 dividitur

244 1606 276 1661 et
296 1600 443 1678 procedit
464 1617 484 1662 a
504 1600 626 1662 virtute
648 1597 798 1679 regitiva3
821 1616 882 1662 neo
904 1605 1038 1680 propter
1058 1599 1118 1662 bas
1142 1598 1320 1664 relationes

244 1715 374 1771 tautum
391 1707 610 1788 intelligimus
625 1725 897 1789 unamquamque
912 1710 1107 1790 passionum
1120 1716 1155 1772 et
1168 1709 1319 1775 aaoiden·

242 1819 341 1893 tium,
365 1819 424 1882 sed
442 1825 476 1881 et
490 1820 674 1882 seeundum
697 1817 951 1884 sensibilitatem
973 1820 1195 1894 moderatam,
1217 1837 1320 1900 quam

241 1927 342 1992 sentit
355 1928 558 2008 principium
570 1929 609 1991 de
621 1929 722 1992 rebus
738 1929 909 2008 subiectis;
925 1931 1015 2008 quod
1028 1929 1319 2009 demonstrabitur,
1358 1987 1362 1998 ,

243 2055 320 2100 oum
343 2039 554 2102 diviserimus
575 2037 661 2101 illud
683 2033 722 2100 in'
741 2036 882 2119 singulis
905 2039 1005 2102 rebus
1028 2056 1113 2118 quae
1131 2040 1297 2104 ridentur.
1334 2123 1344 2134 ·

287 2151 331 2212 llx
351 2149 404 2211 his
425 2125 543 2228 itaque¹
558 2147 922 2229 quaepiaaposnimus,
934 2149 1088 2212 videmus
1105 2151 1320 2230 unumquod-

243 2277 308 2339 que
325 2259 515 2330 lucidorum
532 2265 566 2322 et
579 2258 729 2322 dolorum
745 2277 804 2340 per
820 2259 1012 2340 passionem
1027 2277 1113 2340 quae
1128 2261 1166 2322 ilt
1180 2260 1216 2322 in
1230 2261 1320 2338 visu;

241 2375 352 2432 astera
372 2387 461 2443 vero,
483 2385 569 2448 quae
590 2373 771 2447 sequenter
790 2369 956 2445 videntur,
977 2370 1130 2433 videmus
1157 2387 1216 2451 per
1236 2369 1321 2434 atei·

243 2479 365 2552 dantia,
389 2496 474 2560 quae
496 2477 549 2540 illi
571 2459 733 2542 eooldunt.
756 2477 869 2542 Passio
885 2478 1022 2559 quidem
1036 2497 1121 2560 quae
1134 2480 1169 2542 in
1182 2479 1259 2550 risu
1272 2479 1320 2554 lit,

243 2596 294 2652 est
307 2588 509 2652 illuminatio
525 2594 584 2652 aut
598 2587 767 2652 coloratio.
786 2587 992 2653 illuminatio
1008 2595 1121 2654 autem
1138 2589 1207 2652 sola
1222 2591 1259 2652 in
1273 2590 1322 2654 lu·

243 2698 392 2762 minibus
416 2705 466 2762 est
488 2697 652 2779 quaedam
676 2698 716 2761 de
738 2698 1054 2779 superabundantiis
1071 2699 1321 2775 habitudinum,

244 2813 278 2871 at
291 2808 366 2871 ideo
381 2815 479 2872 noeet
494 2815 527 2872 et
544 2807 646 2872 laedit
660 2823 810 2871 sensum.
825 2809 876 2872 Fit
886 2826 1019 2890 quoque
1031 2809 1232 2875 illuminatio
1244 2827 1321 2872 eum

243 2917 447 2983 toleratione
469 2919 504 2981 in
527 2919 648 2990 rebus,
677 2918 713 2980 in
735 2918 858 2998 quibus
880 2917 994 2982 lumen
1018 2919 1137 2982 inuidit
1165 2919 1320 2995 aliunde;

240 3027 354 3090 lumen
377 3045 510 3108 quoque
532 3034 565 3092 et
586 3026 678 3091 solor
699 3027 786 3090 dunt
806 3028 849 3090 ad
871 3028 1014 3092 invioem
1035 3028 1168 3093 habitus
1188 3035 1320 3108 propter

244 3138 543 3217 transgressionem
566 3137 702 3201 alterius
725 3137 766 3200 ad
790 3136 935 3216 spetiem
956 3137 1110 3212 alterius,
1139 3152 1216 3200 eum
1238 3135 1322 3200 luei-

243 3247 325 3310 dum
347 3247 391 3309 sit
412 3263 517 3326 genus
540 3264 672 3321 eornm,
695 3253 727 3310 et
742 3246 846 3322 color,
862 3251 940 3310 eum
955 3246 1070 3310 lumen
1087 3245 1203 3309 inoidit
1218 3263 1319 3326 super

244 3366 342 3431 eum,
366 3357 404 3420 fit
424 3357 595 3433 lueidnm3
624 3357 740 3420 lumen
761 3374 837 3420 vero
860 3374 938 3420 oum
960 3356 1149 3432 coloratur,
1171 3363 1321 3422 mutatur
1384 3406 1389 3414 ,

242 3467 431 3530 manifeste.
466 3467 565 3530 Visus
596 3469 707 3530 autem
735 3485 802 3530 non
833 3467 870 3528 iit
892 3466 1036 3547 qualitas
1058 3466 1159 3530 alioui
1181 3485 1321 3546 eorum;

244 3583 373 3656 oportet
392 3577 482 3641 enim
503 3583 542 3640 ut
562 3593 681 3648 sensus
704 3577 1023 3658 perspieabilisnon
1043 3569 1164 3640 habeat
1185 3576 1323 3658 qualita·

244 3692 329 3760 tem,
350 3685 409 3750 sed
430 3686 472 3751 sit
493 3703 597 3766 purus
619 3692 654 3749 et
674 3685 834 3765 smeipiet
855 3685 1049 3766 qualitatem
1072 3687 1113 3750 ab
1136 3685 1224 3761 illis,
1244 3703 1324 3766 quo-

247 3794 339 3858 niam
360 3795 534 3876 partieipat
556 3794 605 3858 eis'
628 3793 709 3858 etin
725 3812 864 3875 genere3
887 3802 997 3866 umen
1019 3796 1325 3877 suseipitmutatio·

245 3919 324 3967 nem
346 3904 551 3968 habitudinis
575 3904 615 3968 ab
637 3903 692 3968 his
714 3905 873 3968 omnibus
894 3904 1106 3986 simplieiter,
1129 3912 1161 3968 et
1175 3904 1239 3969 hoo
1252 3923 1321 3968 non

242 4027 375 4094 semper
394 4019 445 4078 est
464 4013 632 4089 sensibile,
655 4014 715 4078 sed
736 4016 870 4095 quando
894 4015 1063 4095 quantitas
1078 4013 1245 4095 passionis
1262 4013 1322 4078 ha-

156 4183 160 4192 .
246 4123 304 4188 bet
324 4122 518 4190 sensibilem
541 4124 758 4206 quantitatem
778 4125 821 4190 ad
842 4123 878 4188 id
891 4124 982 4207 quod
995 4123 1154 4190 dividitur
1169 4140 1189 4188 a
1202 4122 1322 4190 uirtute
1402 4117 1405 4127 “
