3550 5452
1301 633 1343 696 tili

267 736 360 806 modi
384 741 453 804 situ
482 757 548 804 non
572 739 636 804 erit
658 737 866 829 manifestus,
890 740 1079 803 coniunctio
1096 745 1212 804 autem
1235 739 1343 818 illius,

267 850 358 932 quod
376 851 473 916 debet
487 848 559 913 lieri
577 851 616 913 de
632 866 711 914 casu
725 849 998 918 reverberationis
1014 849 1049 912 in
1068 850 1215 915 secundo
1231 851 1344 932 modo,

265 961 335 1050 erit·
352 960 552 1042 propinqus,
575 977 653 1024 cum
670 977 739 1024 non
757 960 945 1040 apparuerit
958 956 1167 1024 obstaculum
1181 961 1223 1025 ad
1237 960 1345 1041 ipsam

268 1071 420 1134 [ormam.
442 1069 623 1136 etiterum
645 1069 778 1150 quando
807 1068 901 1134 locus
923 1087 990 1133 non
1014 1076 1149 1151 apparet
1171 1088 1248 1134 cum
1270 1070 1347 1147 illa,

266 1179 444 1245 attrahitur
464 1197 583 1246 sensus
601 1180 647 1243 -ad
669 1179 860 1254 transitum,
882 1177 940 1259 qui
963 1187 1014 1244 est
1032 1180 1120 1244 inter
1135 1157 1355 1262 superficiem

268 1288 413 1370 speculi,
437 1307 456 1352 a
478 1307 544 1369 quo
566 1289 605 1352 tit
626 1289 864 1364 reverberatio,
888 1295 921 1354 ct
941 1287 1059 1353 visum.

312 1399 515 1480 Quapropter
537 1398 697 1464 debemus
719 1398 913 1477 investigare
935 1397 1025 1472 vias,
1053 1415 1137 1479 quae
1160 1398 1288 1462 ducunt
1308 1399 1345 1460 in

269 1504 463 1572 huiusmodi
485 1507 586 1571 rebus
606 1504 651 1572 ad
670 1505 782 1570 locum
804 1506 953 1581 tonnae,
976 1507 1035 1586 qui
1054 1513 1107 1570 est
1128 1506 1165 1570 iu
1188 1506 1345 1571 distantia

271 1617 441 1682 moderata
462 1623 495 1681 et
515 1616 599 1679 bene
621 1615 761 1690 directa,
780 1621 814 1679 et
836 1615 994 1679 debemus
1018 1615 1227 1680 considerare
1243 1613 1276 1680 si
1289 1631 1344 1680 res

270 1741 356 1808 ¹[prate
376 1725 425 1790 ibi
446 1731 591 1807 apparet,
614 1741 745 1804 semper
766 1707 946 1788 concordat
967 1725 1154 1807 praeposito
1168 1725 1345 1806 principio,

265 1842 302 1900 et
323 1835 491 1901 invenitur
511 1836 545 1898 in
569 1835 889 1900 reverberationibus
913 1841 945 1897 et
965 1831 1071 1898 iubis
1087 1839 1275 1915 quaerente
1292 1851 1345 1916 ap·

271 1952 396 2028 perent3
412 1951 445 2010 et
459 1941 618 2010 debemus
640 1944 690 2008 uti
705 1943 973 2007 distinctionibus
987 1943 1093 2006 multo
1109 1945 1201 2024 prius
1217 1943 1346 2008 deloco

270 2055 419 2130 formae.
432 2055 528 2118 cuius
549 2053 819 2118 consatutionem
843 2052 985 2115 diximus
1007 2051 1081 2116 tleri
1099 2071 1200 2134 penes
1215 2053 1347 2133 praedi·

265 2172 354 2231 ctam
375 2164 657 2238 coniunctionem,
680 2169 713 2226 et
734 2161 825 2243 qued
844 2162 908 2226 boc
930 2162 974 2226 sit
996 2169 1124 2226 certum
1139 2162 1175 2224 in
1190 2160 1288 2236 locis,
1306 2162 1343 2226 in

269 2274 394 2355 quibus
417 2273 455 2336 tit
474 2279 626 2347 tantum,
649 2271 737 2336 etin
760 2271 882 2352 quibus
903 2277 1047 2352 apparet.
1069 2271 1234 2338 Multcties
1256 2272 1346 2336 enim

270 2383 389 2450 accidit
402 2383 490 2446 hano
506 2383 659 2456 formam,
682 2399 766 2462 quoe
781 2381 967 2444 secundum
982 2382 1198 2446 directionem
1212 2381 1260 2456 iit,
1275 2399 1344 2444 non

224 2571 229 2580 ³
269 2510 426 2574 apparere
447 2492 483 2554 in
505 2488 602 2565 locis,
627 2489 806 2570 inquibus
828 2498 963 2570 apparet
983 2507 1061 2554 vera
1081 2491 1285 2570 magnitudo.

313 2603 406 2666 Nunc
422 2617 499 2680 argo
518 2599 678 2664 debemus
697 2599 907 2664 considerare
923 2600 963 2662 de
981 2599 1254 2675 dubitationibus,
1269 2617 1348 2679 qua·

271 2725 345 2776 rum
377 2705 693 2790 contemplationem
725 2709 1007 2790 praetermisimus
1036 2709 1071 2771 in
1100 2709 1247 2774 secundo
1276 2727 1346 2772 ser-

272 2825 371 2884 mone
392 2818 575 2901 pracsentis
597 2819 694 2892 libri,
716 2819 757 2882 de
779 2817 833 2882 his
854 2817 1015 2893 videlieet,
1038 2837 1123 2899 quae
1139 2819 1294 2905 accidunt
1308 2821 1344 2882 in

142 2997 148 3010 ,
270 2929 370 3006 locis,
393 2930 516 3010 quibus
539 2935 697 3008 apparent
717 2945 770 2990 rcs
790 2927 966 3003 videndae,
988 2929 1077 3007 quod
1099 2929 1252 2991 convenit
1273 2947 1345 3009 per-

265 3041 375 3121 pendi·
398 3057 438 3102 ex
464 3057 525 3113 eo,
554 3037 644 3119 quod
672 3055 741 3100 una
769 3053 822 3100 res
842 3037 928 3100 torte
951 3037 1124 3118 apparebit
1148 3037 1184 3098 in
1214 3037 1345 3100 duobus

272 3147 355 3214 loeis
372 3155 404 3213 ct
419 3149 504 3214 duae
520 3148 554 3210 in
570 3163 652 3221 uno,
663 3145 897 3227 aspicientibus
914 3163 968 3210 eas
983 3163 1062 3208 cum
1076 3145 1225 3225 utrisque
1240 3146 1346 3210 oculis

272 3257 420 3340 quolibet
440 3259 550 3320 modo.

312 3367 469 3434 Dicamus
492 3384 570 3447 ergo
592 3366 685 3446 prius
709 3366 749 3428 de
772 3363 1004 3429 coniunctione
1026 3364 1179 3445 istaque
1196 3375 1346 3428 utrarum

271 3475 483 3559 pyramidum
498 3476 605 3556 capita
619 3476 687 3539 sint
709 3476 824 3556 puncti
845 3494 879 3550 o,
900 3476 918 3537 i
943 3475 1007 3554 trip.
1023 3473 1095 3550 tt),
1117 3483 1151 3538 et
1171 3475 1346 3554 copuletur

271 3586 363 3652 linea
383 3589 442 3662 ab,
465 3591 498 3652 et
518 3603 578 3666 per
598 3584 749 3648 madium
770 3585 936 3648 dividatur
957 3602 1056 3664 super
1077 3592 1239 3664 punctum
1255 3603 1291 3662 p,
1315 3566 1346 3648 et

247 3681 251 3684 ’
270 3697 471 3776 producatur
493 3695 534 3758 ab
555 3711 598 3760 eo
616 3691 898 3774 perpendicularis
919 3700 1031 3756 ereata
1052 3711 1155 3774 super
1171 3695 1214 3757 ab
1237 3695 1279 3757 ad
1299 3711 1348 3756 rc·

272 3813 341 3871 ctos
362 3803 518 3884 angulos,
535 3810 567 3866 et
582 3803 625 3866 sit
637 3805 698 3883 pd,
714 3809 746 3866 et
760 3803 1003 3882 coniungantur
1019 3820 1093 3866 axes
1108 3803 1168 3875 od,
1184 3803 1228 3864 bd
1248 3820 1347 3882 super

270 3921 431 3996 punctum
452 3917 473 3978 d
479 3963 488 3989 ‚
508 3919 543 3978 et
565 3929 618 3978 res
640 3913 781 3976 videnda
795 3912 840 3976 sit
854 3913 958 3993 posita
971 3911 1009 3976 in
1024 3915 1055 3974 d.
1078 3911 1251 3975 videbitur
1267 3930 1344 3993 ergo

271 4023 355 4088 haec
377 4041 431 4086 res
453 4041 536 4096 una,
559 4022 650 4088 etin
672 4024 745 4102 ipso
767 4021 842 4086 loco
864 4041 930 4103 quo
946 4028 1004 4084 est.
1027 4021 1187 4086 Similiter
1202 4021 1345 4084 etiamsi

274 4151 293 4194 a
310 4143 434 4214 puncto
449 4135 470 4198 d
488 4132 742 4213 protraxerimus
763 4132 887 4196 lineam
907 4139 1048 4196 erectam
1066 4149 1165 4211 super
1178 4133 1224 4210 pti
1240 4131 1281 4193 ad
1295 4149 1345 4196 re·
