3512 5456
1253 599 1311 664 tea

242 709 282 770 ad
304 709 564 789 septentrionem
588 727 686 790 quarn
710 708 797 772 linea
819 709 1041 789 aequidistans
1064 710 1308 790 aequinoctiali,

242 836 324 898 quae
353 820 469 884 transit
502 839 559 900 per
585 827 741 900 punctum
766 830 775 882 t
799 822 869 900 (qui
892 821 996 882 estin
1020 828 1110 902 parte
1133 828 1246 884 nostra
1269 821 1310 884 de

243 928 374 994 climate
407 931 552 994 habitato
582 931 753 995 declinans
776 932 817 994 ad
839 931 1127 1012 septentrionalem
1150 937 1312 1012 partem),

243 1047 276 1103 et
297 1057 371 1106 cnm
394 1041 490 1106 stella
503 1042 601 1106 hrerit
615 1041 741 1106 elevata
755 1042 796 1104 ad
811 1043 920 1106 locum
935 1043 970 1117 h,
985 1045 1131 1123 pervenit
1147 1043 1188 1106 ad
1201 1044 1313 1108 lenum
1339 1101 1343 1112 .

241 1151 299 1216 ubi
320 1153 509 1234 refringitur
529 1153 640 1216 radius
659 1154 730 1216 sine
753 1151 902 1217 sensibili
925 1153 1110 1218 diversitate
1126 1153 1212 1218 iacta
1227 1155 1312 1221 iuter

242 1263 341 1326 situm
369 1271 579 1346 apparentem
610 1271 641 1328 et
667 1263 767 1328 situm
798 1281 923 1328 rerum.
947 1264 1030 1328 Item
1053 1265 1081 1326 si
1102 1264 1312 1346 peperimus

241 1381 399 1455 punctum
421 1395 440 1436 z
461 1375 575 1454 polum
591 1375 895 1455 septentrionalem,
918 1380 951 1438 et
972 1375 1240 1456 descripserimus
1256 1374 1313 1440 ali·

240 1486 388 1564 quamde
401 1485 475 1548 aliis
487 1483 618 1548 circulis
630 1485 925 1564 aequidistantibus
938 1486 1171 1566 aequinoctiali
1183 1504 1313 1568 semper

241 1596 479 1677 apparentibus,
502 1603 539 1658 ut
560 1595 720 1661 circulum
736 1600 814 1676 urs,
833 1613 908 1659 cum
923 1597 1022 1660 fuerit
1034 1597 1149 1677 utique
1164 1595 1259 1674 stella
1275 1597 1310 1660 in

242 1714 361 1785 puncto
382 1725 396 1769 r
419 1707 517 1770 huius
545 1706 679 1780 circuli,
707 1709 873 1788 apparebit
898 1707 1112 1789 propinquior
1134 1714 1311 1788 punctae,

240 1817 296 1897 qui
314 1824 362 1881 est
379 1835 476 1899 super
489 1817 597 1898 capita
609 1817 645 1880 in
661 1818 877 1898 proclivitate,
894 1825 926 1882 et
947 1818 1108 1882 videbitur
1123 1835 1195 1884 esse
1214 1820 1309 1899 quasi

240 1927 273 1990 in
290 1936 456 2008 punctae,
478 1937 510 1992 et
531 1945 606 1993 cum
625 1928 721 1992 stella
735 1930 833 1992 fuerit
853 1931 889 1992 in
912 1935 1031 2009 puncto
1047 1949 1085 2004 c,
1104 1947 1170 1994 non
1190 1929 1310 1995 accidit

240 2038 316 2102 inde
339 2039 507 2103 diversitas
530 2040 563 2102 in
580 2040 656 2114 situ,
674 2040 740 2102 nisi
755 2039 969 2113 insensibilia,
988 2047 1021 2104 et
1035 2040 1110 2104 ideo
1125 2056 1200 2102 cum
1215 2039 1311 2107 stella

241 2150 337 2213 fuerit
363 2150 399 2212 in
429 2149 593 2214 volutione
616 2169 676 2214 sua
698 2169 798 2232 prope
820 2151 1045 2225 horizontem,
1074 2151 1242 2231 apparebit
1264 2151 1310 2214 dt·

239 2259 357 2324 stantia
379 2278 439 2324 sua
460 2279 479 2324 e
500 2261 748 2341 septentrionali
772 2260 847 2342 polo
870 2260 1026 2342 sphaerae
1044 2263 1164 2335 minor,
1181 2269 1304 2324 etcum

240 2369 392 2434 fueritin
415 2371 580 2435 volutione
602 2389 662 2435 aua
682 2389 782 2452 prope
805 2380 961 2453 punctum
983 2371 1041 2452 qui
1063 2379 1112 2434 est
1134 2389 1233 2452 super
1251 2389 1308 2436 ca-

242 2479 321 2561 pita,
344 2481 513 2560 apparebit
538 2481 654 2544 maier.
684 2481 791 2544 Sectio
819 2483 910 2545 enim
935 2501 982 2546 rc
1004 2483 1065 2548 erit
1085 2483 1192 2562 maior
1209 2494 1309 2562 quam

239 2591 340 2654 sectio
351 2609 400 2656 ca.
415 2592 640 2656 Demonstrata
651 2598 700 2654 est
711 2610 787 2672 erqo
803 2611 916 2668 causa,
928 2603 1168 2673 propterquam
1181 2599 1309 2673 oportet

241 2701 274 2764 id
301 2703 389 2782 quod
415 2703 449 2764 in
478 2701 582 2764 stellis
605 2711 753 2784 apparet,
781 2721 936 2784 apparere
959 2703 1306 2784 propteriractionem

241 2811 381 2876 visibilis
402 2813 498 2876 radii.

282 2922 440 2986 Possibile
462 2940 591 3004 quoque
616 2931 701 2987 esset
719 2924 814 2987 nobis
832 2924 994 3004 inspicere
1013 2925 1053 2988 de
1071 2925 1308 3004 quantitatibus

239 3035 375 3100 istarum
397 3035 608 3106 fractionum,
632 3041 663 3097 et
685 3036 892 3098 considerare
913 3033 996 3098 illud
1019 3036 1052 3098 in
1073 3034 1183 3115 aliqua
1204 3036 1244 3098 de
1261 3054 1311 3098 re·

239 3145 316 3220 bus,
340 3161 478 3226 quarum
502 3145 658 3208 distantia
680 3145 755 3208 date
778 3154 840 3220 eet,
862 3152 974 3226 utpote
997 3144 1077 3208 solis
1101 3154 1132 3209 et
1153 3145 1262 3217 lunae,
1278 3153 1309 3208 et

239 3257 447 3320 considerare
477 3256 719 3337 magnitudines
748 3274 831 3336 quae
862 3257 1044 3320 succedunt
1069 3256 1252 3330 horizonti,
1276 3265 1308 3322 at

238 3366 457 3432 sublimitates
478 3385 562 3448 quae
585 3366 671 3430 flunt
693 3385 731 3429 ex
754 3366 909 3430 fractione
925 3366 1064 3432 visibilis
1086 3368 1181 3441 radii,
1202 3368 1230 3429 si
1254 3366 1308 3430 di-

239 3476 358 3541 stantia
380 3477 576 3558 superficiei,
599 3497 683 3558 quae
707 3485 756 3540 est
779 3479 863 3542 inter
884 3484 1023 3558 utraque
1046 3478 1209 3558 praedicta
1230 3494 1304 3540 cnr-

238 3606 336 3668 pora,
360 3596 447 3652 esset
468 3589 607 3668 cognita.
643 3589 706 3652 Sed
729 3605 803 3652 cum
826 3588 908 3652 haec
930 3589 1098 3664 distantia,
1122 3605 1205 3668 quae
1229 3605 1307 3670 pro·

120 3710 128 3720 ’
238 3699 393 3780 pinquicr
415 3705 464 3762 est
485 3706 590 3762 terrae
612 3696 720 3762 lunari
744 3699 901 3780 sphaera,
928 3699 1089 3779 adquam
1113 3699 1309 3769 terminatur

239 3809 365 3885 aether,
387 3811 555 3890 ignoratam
576 3811 605 3872 si
627 3817 677 3874 est
699 3810 783 3874 sicut
806 3810 959 3872 distantia
980 3810 1046 3874 iarn
1068 3810 1175 3876 dictae
1198 3825 1309 3892 super·

237 3919 343 3994 flciei,
365 3928 420 3984 aut
442 3929 490 3984 est
512 3921 727 4002 propinquior
754 3927 883 3998 terrae,
913 3927 970 3984 ant
997 3921 1155 3985 remotior
1181 3939 1200 3983 a
1229 3937 1308 3984 con·

239 4029 331 4094 tinuo
363 4033 394 4094 ei
422 4034 572 4112 corpori,
602 4030 808 4112 impossibile
837 4038 888 4096 est
915 4032 991 4096 inde
1023 4031 1306 4096 ratiocinationem

239 4139 327 4216 fleri,
350 4159 414 4223 qua
436 4143 645 4223 dignoscatur
667 4142 833 4222 quantitas
856 4141 985 4224 anguli,
1007 4159 1091 4222 quae
1109 4141 1146 4206 ut
1160 4142 1195 4208 in
1209 4139 1307 4206 decli·

239 4253 372 4316 natione
395 4253 586 4319 huiusmodi
608 4253 815 4322 fractionum.
