3550 5452
1251 625 1258 636 ·
1294 581 1333 646 25

255 689 357 754 beant
377 687 642 768 magnitudines.
663 705 732 754 non
755 688 852 756 debet
872 689 976 754 videri
996 690 1032 755 id
1053 689 1142 771 quod
1158 696 1207 754 est
1227 689 1264 754 in
1286 691 1334 757 di-

256 797 411 875 slautiis,
439 800 518 880 quie
539 799 651 864 radius
672 797 811 864 visibilis
834 818 903 864 non
926 799 1012 863 cadit
1033 816 1133 880 super
1154 798 1249 878 illas;
1272 817 1334 864 nec

254 908 367 989 puncti
389 908 489 974 etiem
511 909 727 984 videbuntur,
750 925 826 972 cum
849 927 917 974 non
940 909 1085 974 habeant
1102 909 1332 991 quantitatem,

249 1035 363 1098 neque
385 1019 584 1084 subtendent
606 1019 777 1099 angulum.
800 1020 866 1084 Erit
888 1037 965 1100 ergo
979 1005 1098 1082 ¹omnis
1120 1039 1173 1084 res
1195 1019 1255 1084 illa
1276 1019 1332 1082 in-

255 1127 404 1194 visibilis.
421 1129 485 1194 Sed
499 1129 528 1194 si
543 1129 618 1212 quis
634 1128 762 1206 dixerit,
775 1131 866 1212 quod
880 1117 1016 1212 quidam
1031 1129 1116 1196 radii
1131 1130 1222 1194 visus
1235 1137 1334 1194 erunt
1421 1129 1429 1146 '

257 1239 431 1320 disgregati
453 1245 486 1303 et
514 1240 650 1321 quidam
676 1241 827 1304 continui
861 1241 895 1303 in
930 1241 1045 1306 eedem
1068 1241 1245 1318 distantia,
1268 1240 1333 1306 hoo

257 1350 392 1414 verbum
415 1367 493 1414 oum
523 1369 592 1416 non
620 1349 740 1414 habeat
772 1351 994 1416 necessariam
1016 1351 1204 1429 rationem,
1234 1351 1348 1416 infert·

257 1461 372 1542 utique
395 1461 516 1526 dicenti
540 1460 789 1542 ambiguitatem
811 1468 844 1526 et
865 1479 1072 1527 errorem-ex
1087 1462 1140 1526 his
1157 1479 1242 1544 quae
1258 1469 1334 1528 actu

256 1571 427 1652 videntum
451 1571 585 1636 deberet
606 1570 696 1638 enim
718 1573 902 1636 secundum
917 1572 1005 1637 hano
1028 1574 1227 1637 sententiam
1250 1591 1333 1638 une·

255 1699 407 1764 quaeque
428 1700 625 1764 magnarum
647 1699 759 1746 rerum
774 1683 881 1748 videri
896 1683 1081 1764 dipgregata
1096 1689 1129 1748 et
1144 1701 1212 1748 non
1229 1682 1334 1746 conti-

253 1811 332 1871 nua,
345 1813 463 1875 parvae
476 1811 554 1860 voro
564 1795 765 1876 quandoque
777 1794 882 1860 videri
895 1801 927 1860 et
939 1796 1141 1878 quandoque
1156 1795 1330 1874 abscondi;

256 1905 432 1970 existentes
460 1905 495 1969 in
529 1905 644 1970 eadem
667 1923 686 1968 a
707 1904 781 1968 visu
811 1905 966 1969 distemie
988 1905 1188 1988 quandoque
1210 1923 1262 1972 res
1284 1905 1332 1968 vi·

255 2013 379 2078 dendae
403 2016 443 2078 ad
464 2013 569 2080 latere
590 2015 847 2080 transferuntur.
874 2015 1029 2097 Sequitur
1051 2021 1163 2080 autem
1186 2033 1226 2080 ea
1246 2033 1331 2098 quae

254 2125 514 2208 praeposuimus,
539 2125 657 2212 debere
672 2126 815 2190 inveniri
831 2132 863 2192 et
877 2126 1026 2207 dignosci
1040 2124 1245 2191 diversitates
1261 2143 1331 2190 ma·

256 2235 438 2315 gnitudinis
472 2253 585 2302 rerum
613 2237 798 2302 secundum
829 2237 1030 2302 differentias
1060 2235 1331 2317 angulorumeis

255 2345 571 2428 proportionalium,
594 2363 672 2410 oum
694 2347 824 2428 anguli,
840 2348 926 2412 sicut
940 2346 1098 2424 diximus,
1120 2347 1246 2414 tuerint
1260 2365 1332 2410 sen·

254 2456 365 2522 sibiles
388 2463 419 2521 et
439 2475 508 2522 non
542 2455 695 2522 differant
721 2455 757 2522 in
785 2457 872 2532 alio,
899 2475 977 2522 oum
1010 2457 1132 2522 diversi
1153 2457 1276 2522 fuerint
1295 2457 1331 2521 in

192 2624 200 2642 ,
255 2583 377 2642 sensu,
406 2573 438 2632 et
459 2566 499 2632 de
528 2565 814 2647 magnitudinibus
842 2566 900 2632 flat
925 2566 1144 2648 imaginatio,
1171 2567 1261 2647 quod
1289 2566 1332 2630 sit

254 2677 289 2740 in
312 2675 361 2742 eis
376 2675 565 2754 diversitas,
580 2695 647 2742 non
663 2694 762 2744 causa
777 2695 893 2744 earum
909 2695 983 2744 vove
995 2725 1003 2754 ‚
1017 2679 1075 2744 sed
1097 2677 1175 2760 quia
1192 2675 1331 2759 angulos

254 2786 381 2852 faciunt
402 2786 561 2854 diversos.
1057 2784 1064 2802 ‘

297 2897 378 2965 dum
400 2915 477 2978 ergo
501 2897 615 2962 omnia
636 2903 819 2979 coaequata
839 2895 974 2972 luerint,
991 2902 1024 2962 et
1042 2896 1187 2964 eundem
1207 2903 1331 2962 statum

253 3006 441 3082 habuerint,
465 3014 597 3088 excepta
619 3007 775 3074 distantis
797 3014 829 3075 ot
850 3007 917 3072 situ
938 3014 971 3072 el
991 3007 1122 3088 angulo,
1142 3007 1225 3072 illud
1240 3007 1330 3088 quod

255 3124 423 3200 aspectum
446 3119 495 3183 rei
516 3119 595 3186 iacit
616 3119 799 3196 maiorem,
822 3125 872 3182 est
893 3135 931 3182 ex
952 3118 1116 3182 distantiis
1139 3117 1273 3199 quidem
1295 3117 1331 3182 id

253 3229 343 3308 quod
364 3229 595 3310 propinquius,
618 3246 657 3293 ex
678 3230 744 3294 situ
764 3229 926 3292 autemid
943 3229 1032 3308 quod
1047 3234 1096 3293 est
1110 3228 1217 3309 megis
1232 3245 1329 3308 oppo-

252 3337 365 3414 situm,
386 3338 500 3419 anguli
523 3339 614 3404 enim
630 3339 666 3402 in
681 3344 824 3420 utraque
840 3338 980 3402 istarum
995 3337 1231 3404 habitudinum
1245 3338 1330 3401 fiunt

252 3447 416 3526 maiores;
446 3465 588 3530 cumque
611 3447 754 3523 dicimus
775 3449 881 3529 magis
904 3449 1113 3530 oppositum,
1141 3449 1205 3514 hoc
1227 3447 1328 3520 senti·

253 3575 342 3633 mus,
353 3564 390 3622 ut
403 3558 543 3622 visibilis
559 3557 685 3634 vedius,
702 3559 760 3639 qui
777 3557 865 3624 cadit
878 3559 915 3622 in
931 3557 980 3624 rei
995 3558 1145 3622 medium
1159 3558 1329 3633 videndae,

255 3668 297 3732 sit
323 3666 627 3749 perpendicularis,
656 3675 688 3735 et
709 3669 851 3734 dicimus
874 3668 971 3732 illum
994 3686 1065 3734 esse
1087 3669 1267 3750 proclivem
1289 3667 1330 3732 ed

254 3775 372 3853 latere,
388 3795 464 3844 cum
480 3777 602 3859 aliquis
616 3777 799 3846 visibilium
813 3779 982 3854 ramorum
998 3797 1068 3843 non
1082 3779 1127 3844 sit
1141 3797 1241 3862 super
1255 3795 1329 3848 cem

251 3886 554 3968 perpendicularis,
583 3894 640 3952 aut
661 3888 706 3952 sit
728 3907 766 3954 ex
788 3887 854 3953 alio
878 3888 992 3965 radio,
1022 3883 1122 3970 quam
1143 3906 1186 3970 ,eo
1208 3889 1267 3968 qui
1293 3888 1329 3952 in

251 3998 401 4087 modium
430 3999 529 4064 cedit.
562 3998 709 4066 Dicimus
737 4017 873 4082 quoque
902 3997 1092 4066 distantiam
1119 3999 1165 4065 rei
1189 3999 1327 4081 propin-

253 4107 427 4188 quierem,
458 4125 535 4176 oum
562 4107 679 4177 radius
706 4110 765 4190 qui
792 4109 828 4174 in
857 4109 1005 4178 medium
1027 4109 1077 4177 rei
1099 4109 1207 4187 cedit,
1229 4109 1330 4177 tuerit
