3550 5452
1291 589 1345 662 et

260 699 560 764 circumferentiam
578 698 666 780 'cip
689 716 774 780 quae
798 705 849 762 est
864 697 1132 764 circumferentia
1146 700 1286 780 speculi,
1302 684 1336 772 a

256 809 380 874 lineam
395 816 530 883 rectam,
546 825 629 888 quae
649 807 780 888 copulat
795 814 936 888 punctos
949 828 979 884 c,
991 828 1021 887 q;
1038 809 1239 890 quandoque
1254 827 1333 874 vero

259 937 357 999 super
373 917 480 999 ipsam
495 923 618 984 rectam
632 917 768 992 lineam,
785 923 818 982 et
833 919 1032 998 quandoque
1049 918 1225 982 inteream
1242 927 1275 982 et
1296 923 1331 996 d,

257 1028 314 1108 qui
329 1035 380 1090 est
392 1021 545 1092 centrum
561 1026 729 1108 sphaerae,
745 1028 931 1091 secundum
945 1026 1202 1108 profunditatem
1217 1045 1334 1094 conca·

257 1136 365 1200 vitatis
378 1136 665 1202 circumferentiae
680 1154 759 1215 αις.
772 1138 808 1200 Et
819 1136 1031 1200 manifestum
1043 1143 1103 1213 est,
1114 1139 1203 1217 quod
1214 1137 1332 1204 huius·

257 1246 347 1310 modi
368 1246 494 1310 formae
517 1263 593 1308 cum
615 1245 741 1308 fuerint
762 1262 863 1326 super
885 1263 987 1308 unam
1008 1244 1143 1322 lineam,
1160 1254 1193 1309 ει
1207 1246 1333 1312 fuerint

255 1356 368 1436 puncti
379 1374 422 1428 m,
433 1373 456 1420 a
470 1373 570 1436 supra
581 1355 705 1420 lineam
717 1361 851 1428 rectam,
864 1371 949 1434 qnae
961 1353 1095 1436 copulat
1105 1361 1247 1436 punctos
1259 1375 1289 1433 c,
1301 1376 1331 1435 p,

257 1464 346 1536 visus
369 1483 384 1530 c
404 1463 529 1528 videbit
551 1464 746 1532 curvitatem
769 1464 841 1527 eius
863 1481 1051 1538 versasse,
1069 1470 1191 1528 etcum
1208 1465 1333 1530 fuerint

256 1571 370 1654 puncti
391 1592 439 1649 m,
453 1591 477 1636 c
497 1591 598 1654 super
619 1573 727 1654 ipsam
748 1571 888 1648 lineam,
910 1571 1076 1638 videbitur
1089 1581 1193 1647 recta,
1206 1581 1240 1638 el
1254 1593 1331 1640 cnm

255 1682 378 1746 fuerint
398 1682 592 1746 remotiores
607 1683 649 1748 ab
666 1701 697 1758 c,
719 1682 883 1748 videbitur
897 1699 1053 1748 concava.
1076 1683 1170 1756 Quod
1183 1685 1247 1748 erit
1259 1703 1331 1748 ma-

256 1791 412 1856 nifestum
428 1809 466 1856 ex
480 1791 717 1856 constitutione
730 1793 867 1867 formae,
879 1791 1146 1872 proportionibus
1161 1793 1331 1858 radiorum

256 1899 494 1964 declinantium
518 1907 551 1964 et
573 1902 614 1964 ab
635 1900 695 1964 illa
717 1907 925 1967 ascensorum
947 1901 989 1964 ad
1010 1900 1123 1964 radios
1143 1908 1261 1966 motos.

299 2010 335 2072 Iu
357 2010 467 2074 curvis
493 2009 635 2090 speculis
662 2016 797 2091 apparet
817 2009 925 2075 forma
946 2026 1059 2072 rerum
1080 2009 1116 2072 in
1139 2009 1198 2076 illa
1219 2019 1331 2090 parte,

255 2118 290 2182 in
312 2136 379 2198 qua
395 2124 445 2182 εει
460 2136 513 2184 res
531 2135 619 2193 vere,
633 2125 666 2184 et
678 2136 755 2182 curn
769 2135 824 2182 res
837 2117 997 2182 videndae
1015 2117 1189 2184 translatae
1205 2119 1332 2184 fuerint

258 2228 299 2290 ad
321 2226 457 2308 aliquod
479 2227 643 2303 laterum,
664 2228 771 2307 figura
799 2227 871 2292 eius
893 2226 1088 2300 transfertur
1109 2227 1151 2290 ad
1178 2229 1332 2294 eamdem

259 2344 397 2418 partem.
420 2339 495 2400 Esto
518 2336 620 2401 sectio
642 2335 758 2398 circuli
777 2336 812 2399 in
828 2353 930 2398 curvo
947 2335 1081 2416 speculo
1097 2338 1162 2416 obp
1178 2325 1245 2418 (fle.
1263 2337 1333 2420 ³5),

257 2446 353 2510 cuius
375 2452 527 2510 centrum
549 2445 593 2508 sit
610 2447 644 2518 d,
667 2453 699 2508 et
714 2444 805 2506 visus
818 2463 850 2519 e,
865 2451 899 2508 et
914 2462 968 2508 res
983 2445 1124 2510 videnda
1137 2464 1158 2512 a
1171 2445 1333 2518 lateribus

256 2556 348 2618 visus
368 2555 403 2618 in
427 2556 558 2636 punctis
579 2557 616 2630 ft,
631 2571 665 2628 z,
684 2561 716 2618 et
734 2553 959 2634 refringantur
975 2555 1018 2618 ad
1033 2571 1090 2620 eos
1106 2556 1173 2619 duo
1188 2556 1272 2620 radii
1291 2557 1333 2622 ad

258 2662 414 2745 aequales
437 2664 593 2743 angulos,
615 2669 648 2728 et
662 2663 729 2726 sint
745 2681 822 2738 cuz,
837 2664 911 2738 elli,
928 2669 961 2727 et
974 2663 1210 2744 protrahantur
1223 2663 1332 2730 lineae

258 2777 313 2850 dc,
328 2775 387 2849 dd,
411 2781 444 2836 et
465 2772 646 2854 iungantur
662 2773 710 2836 eis
732 2790 809 2838 cum
826 2779 1009 2854 protractae
1032 2774 1156 2838 fuerint
1170 2794 1223 2850 cc,
1240 2774 1278 2840 et
1295 2775 1332 2840 in

256 2882 386 2964 punctis
408 2894 436 2957 t,
451 2882 478 2945 lc,
502 2882 672 2948 Videbitur
694 2900 772 2962 ergo
793 2901 812 2944 z
833 2882 869 2944 in
892 2880 966 2948 loco
982 2893 1007 2957 t.
1029 2885 1095 2946 etlr
1110 2882 1145 2944 in
1162 2882 1236 2946 loco
1250 2883 1284 2958 lc,
1300 2892 1332 2948 et

260 2991 491 3073 unusquisque
510 3009 625 3057 eorum
645 2993 679 3056 in
696 3009 740 3060 ea¹
750 2996 853 3071 parte,
867 2989 905 3052 in
920 3008 986 3070 qua
1001 2998 1119 3056 astrea
1134 3009 1220 3068 vera,
1234 2993 1332 3058 cuius

259 3108 309 3164 est
328 3102 446 3164 forma.
476 3101 707 3166 Transferatur
728 3101 839 3181 itaque
860 3103 881 3164 ft
903 3100 945 3164 ad
966 3102 994 3174 l,
1015 3106 1050 3164 et
1070 3100 1269 3180 refringatur
1291 3102 1332 3166 ad

258 3228 335 3274 eum
351 3228 411 3290 per
425 3209 580 3290 aequales
597 3210 736 3290 angulos
752 3209 866 3277 radius
879 3212 950 3290 opt,
967 3217 999 3274 et
1013 3209 1226 3289 protrahatur
1239 3209 1330 3277 linea

255 3321 315 3393 dl,
347 3326 381 3384 et
410 3319 520 3384 obviet
546 3320 595 3393 ei,
617 3338 693 3388 cum
723 3321 880 3400 producta
901 3318 1022 3394 fuerit,
1051 3317 1140 3384 linea
1162 3339 1202 3399 cp
1225 3320 1260 3386 in
1282 3338 1330 3382 m.

258 3429 375 3494 forma
396 3446 495 3508 argo,
517 3447 603 3510 qnae
625 3430 731 3495 estin
753 3435 878 3510 puncto
899 3429 936 3504 lc,
963 3427 1119 3494 translata
1142 3437 1191 3494 est
1212 3429 1254 3492 ad
1275 3448 1308 3492 m
1320 3449 1332 3504 ,·

260 3537 416 3604 translata
437 3543 488 3602 est
516 3557 593 3619 ergo
623 3539 666 3602 ad
692 3538 785 3604 illam
815 3545 962 3620 partem,
985 3539 1026 3602 ad
1047 3556 1151 3619 quam
1172 3556 1224 3604 res
1247 3557 1332 3602 vera.

259 3645 391 3726 Oportet
412 3648 523 3728 itaque
546 3665 584 3710 ex
605 3649 715 3713 causis
738 3666 821 3729 quas
842 3648 1093 3730 praeposuimus
1115 3648 1149 3710 in
1172 3647 1331 3730 hisquae

259 3754 402 3818 diximus
425 3758 465 3820 de
488 3756 605 3832 forma,
621 3775 705 3837 quae
721 3759 851 3822 videtur
866 3758 901 3820 in
917 3757 1024 3839 planis
1041 3757 1195 3838 speculis,
1211 3759 1239 3822 si
1257 3777 1333 3822 con·

258 3865 464 3930 stituerimus
487 3873 627 3948 punctos
641 3870 675 3945 ft,
693 3867 704 3928 l
725 3885 824 3948 super
837 3867 963 3947 visum;
978 3868 1090 3948 puncti
1106 3869 1220 3947 utique
1236 3868 1270 3942 l,
1284 3887 1332 3944 ut,

262 3974 318 4053 qui
342 3982 420 4039 sunt
441 3977 567 4041 formae
589 3979 624 4051 lt,
640 3979 665 4053 l,
690 3977 810 4042 dehent
832 3977 937 4045 rideri
960 3995 1059 4058 super
1075 3976 1199 4052 visum,
1215 3985 1248 4040 et
1262 3995 1331 4040 ma-

260 4084 395 4163 gnitudo
419 4105 502 4167 quae
527 4094 576 4152 est
598 4087 684 4152 inter·
708 4106 773 4164 eos,
797 4087 967 4170 apparebit
989 4105 1089 4170 supra
1111 4087 1234 4202 visum;
1254 4095 1285 4151 ει
1301 4088 1340 4154 sit
