3512 5456
1263 595 1323 660 tec
1406 625 1410 636 ·

294 707 418 773 Rursus
440 724 513 770 cum
528 691 673 790 ¹corpora
695 714 727 770 et
748 705 859 786 anguli
882 705 975 768 valde
991 705 1150 781 differant,
1167 723 1319 788 augmen·

256 825 322 882 tum
346 817 385 880 fit
404 820 511 882 maius
531 826 654 898 quanto
678 817 782 897 magis
805 816 938 882 alterius
956 817 1093 880 istorum
1113 817 1321 880 condensitas

254 929 433 992 crescit.=Si
456 929 546 992 enim
569 923 775 1008 posuerimus
798 927 1096 990 circumferentiam
1111 929 1178 992 bod
1192 928 1227 990 in
1245 929 1323 992 sub·

256 1038 354 1101 tiliori
376 1056 525 1120 corpore,
549 1047 581 1102 ει
603 1040 669 1118 ipsi
690 1042 723 1102 in
748 1038 913 1118 grossiori,
936 1047 968 1101 et
983 1038 1252 1102 constituerimus
1266 1057 1322 1101 an·

257 1148 370 1230 guium
399 1167 459 1214 cer
486 1151 569 1214 sicut
591 1157 660 1224 est,
688 1167 764 1212 curn
790 1148 943 1212 fueritin
966 1148 1112 1212 sectione
1139 1149 1208 1228 ipo
1233 1167 1322 1229 groe-

256 1261 324 1322 sius
347 1277 464 1340 eorpus
486 1277 586 1340 quarn
608 1259 691 1322 illud
713 1260 800 1339 quod
822 1259 868 1321 ibi
887 1265 966 1334 erat,
982 1267 1193 1338 augmentum
1207 1259 1322 1339 utique

258 1371 328 1434 cius
350 1389 447 1452 super
470 1371 625 1451 angulum
647 1372 713 1450 pair
734 1370 796 1434 erit
817 1371 1088 1432 tuncsecundum
1104 1369 1324 1434 differentiam

260 1481 451 1547 subtilitatis
466 1480 600 1547 alterius
614 1498 786 1562 corporum
803 1498 900 1561 super
916 1479 1066 1556 alterum
1083 1479 1222 1560 angulus
1234 1481 1324 1544 enim

255 1611 320 1656 oar
341 1610 417 1659 oum
439 1591 537 1656 fuerit
558 1593 599 1654 in·
616 1609 690 1656 aere
713 1592 808 1656 tertia
828 1609 903 1672 pars
926 1592 1005 1655 recti
1027 1591 1162 1672 anguli,
1184 1589 1324 1672 aspum

255 1705 322 1781 pri
343 1703 405 1768 crit
426 1703 459 1766 in
483 1721 569 1783 aqua
589 1719 689 1783 prope
708 1709 822 1782 quarte
837 1719 911 1782 pars
929 1702 1009 1766 recti
1031 1701 1161 1782 anguli,
1181 1705 1230 1780 (in
1244 1703 1325 1765 citro

255 1832 344 1889 vero,
366 1817 473 1893 quinto
496 1831 565 1892 porr
593 1815 666 1876 recti
686 1815 816 1892 capuli)
848 1819 879 1876 et
900 1831 968 1875 una
996 1814 1036 1876 de
1059 1812 1225 1894 consputa
1249 1829 1325 1894 per·

259 1924 345 1988 tibus
368 1925 461 2000 eius,
484 1924 526 1988 ad
547 1941 669 2004 prope,
691 1931 724 1986 et
746 1931 843 1986 erunt
863 1923 918 1986 hio
940 1922 1034 1988 flexio
1057 1929 1089 1986 ει
1111 1929 1325 2004 augmentum

257 2034 470 2124 angulorum,
493 2035 551 2114 qui
580 2034 763 2098 succedunt
789 2041 910 2114 puncto
934 2035 990 2113 qui
1013 2051 1112 2114 super
1132 2034 1241 2114 capita
1259 2041 1325 2110 eet,

258 2146 397 2220 maiore,
421 2145 578 2225 quoniam
602 2145 784 2208 substantia
804 2144 878 2206 vitri
901 2144 1039 2226 spissior
1060 2151 1110 2208 εει
1131 2161 1230 2226 qrram
1248 2145 1325 2206 suh·

258 2257 376 2320 stantia
399 2273 514 2336 aquae.

298 2365 456 2430 Similiter
482 2366 582 2430 etiam
604 2367 632 2428 si
654 2366 862 2446 posuerimus
892 2365 1067 2430 flexionem
1096 2363 1230 2428 alterius
1251 2364 1327 2430 risi·

257 2477 375 2544 hiliurn
397 2477 566 2540 radiorum
587 2477 622 2538 in
645 2477 800 2558 distantia
821 2476 924 2540 altera
945 2494 1045 2556 quam
1067 2477 1130 2539 ista
1151 2493 1327 2556 anporpen-

258 2587 395 2655 diculari
416 2607 471 2662 ce,
494 2595 530 2650 ut
551 2587 635 2651 radii
657 2587 728 2662 leit,
751 2587 919 2668 proportio
942 2588 1056 2667 utiquo
1079 2588 1116 2650 oi
1138 2587 1327 2650 eduxerit

258 2699 364 2762 maior
385 2716 485 2778 quam
506 2697 672 2779 proportio
694 2699 739 2778 pk
760 2699 801 2762 ad
823 2700 883 2778 hp,
903 2706 934 2761 et
949 2698 1160 2778 permutatim
1177 2698 1238 2762 crit
1252 2713 1325 2778 pro·

259 2810 363 2888 portio
385 2809 422 2872 cl
445 2809 486 2872 ad
507 2809 554 2887 pk
575 2809 681 2871 maior
696 2827 796 2888 quem
814 2808 980 2890 proportio
1002 2828 1046 2870 oz
1068 2809 1108 2871 ad
1123 2809 1187 2886 pit,
1210 2815 1242 2870 et
1261 2808 1327 2870 dis·

259 2920 400 2982 iunctim
433 2919 495 2982 erit
523 2919 687 3000 proportio
711 2921 746 2981 iz
769 2920 809 2982 ad
833 2938 877 2982 oz
903 2921 1010 2982 maior
1035 2935 1133 2999 quarn
1159 2919 1326 2998 proportio

258 3029 304 3091 tt
326 3031 367 3092 ed
389 3030 450 3110 hp,
473 3037 505 3092 et
526 3031 690 3110 proportio
714 3032 750 3092 iz
772 3031 814 3092 ed
836 3029 881 3091 tt
912 3030 1015 3092 maior
1037 3046 1135 3110 quam
1160 3029 1327 3109 proportio

259 3160 303 3202 rc
326 3141 366 3204 ad
387 3141 443 3220 ph.
467 3140 626 3204 Possiirile
648 3148 698 3204 est
718 3147 827 3204 autam
851 3140 945 3203 nobis
967 3138 1097 3219 singula
1118 3140 1256 3202 istorum
1275 3139 1327 3200 di-

259 3267 426 3330 gnoscere·
440 3269 476 3314 ex
499 3251 750 3331 quantitatibus,
772 3251 805 3312 in
829 3250 948 3331 quibus
969 3250 1157 3314 invenimus
1173 3249 1327 3312 flexiones
1432 3297 1435 3304 r

260 3361 351 3439 fleri,
380 3361 409 3424 si
436 3361 673 3442 sumpserimus
703 3362 897 3424 constitutos
927 3377 1103 3434 numeros,
1135 3367 1167 3424 et
1193 3377 1250 3440 per
1270 3377 1327 3424 eor

260 3470 607 3552 comprehenderimus
631 3473 778 3552 singulas
801 3471 993 3535 huiusmodi
1015 3478 1140 3545 metas,
1165 3476 1326 3551 ponentes

259 3599 437 3657 numeros,
465 3583 648 3646 secundum
677 3583 765 3663 quod
792 3583 949 3656 fecimus,
978 3582 1012 3644 in
1036 3580 1164 3644 duabus
1185 3581 1327 3644 circnm-

260 3692 409 3756 ferentiis
431 3711 474 3754 or
496 3694 595 3776 etot.
961 3751 965 3762 ,

301 3802 364 3864 Sed
386 3801 512 3881 siquis
534 3803 727 3884 opposuerit
749 3804 875 3878 dicans,
898 3803 1026 3884 quade
1049 3819 1148 3866 causa
1162 3801 1196 3864 in
1212 3800 1327 3882 primis

260 3913 451 3992 praetaxatis
474 3912 644 3995 principiis
667 3915 706 3976 de
728 3913 1054 3996 perpendicularibus
1076 3921 1108 3976 et
1126 3913 1328 3993 apparitione

261 4023 308 4084 rei
330 4022 488 4086 videndae
511 4023 694 4088 secundum
716 4023 930 4088 directionem
952 4023 1093 4088 visibitis
1115 4021 1214 4097 radii,
1236 4039 1331 4088 coae-

262 4140 383 4213 quatur
411 4132 492 4198 haec
514 4134 639 4216 species
661 4133 831 4219 fractionis¹
850 4152 951 4216 quam
974 4134 1139 4212 diximus,
1162 4140 1194 4198 et
1215 4133 1328 4200 tractio
