3512 5456
1269 617 1330 682 tat

309 729 425 792 Omnia
446 729 546 810 igitur
568 730 688 811 quibus
711 729 877 809 indigetur
897 731 931 792 in
954 745 1105 792 sermone
1130 725 1170 791 de
1192 729 1331 805 formis,

268 857 352 919 quae
373 840 527 903 videntur
549 841 583 902 in
606 839 812 920 simplicibus
834 840 975 920 speculis
998 846 1030 902 et
1050 857 1118 902 non
1137 840 1332 916 commixtis,

266 950 335 1014 iere
357 950 440 1014 baec
462 957 540 1014 sunt
562 968 645 1030 quae
668 951 819 1013 diximus.

310 1061 400 1135 Quod
427 1068 537 1125 autern
560 1059 598 1124 fir
619 1080 657 1124 ex
678 1059 917 1140 compositione
944 1061 1044 1123 trium
1066 1059 1244 1141 figurarum
1264 1059 1332 1141 pri·

267 1189 417 1248 marum,
447 1178 478 1235 et
506 1173 606 1252 quod¹
622 1171 741 1235 accida
762 1172 796 1233 in
821 1172 868 1234 eis
891 1172 930 1234 de
952 1171 1190 1252 compositione
1213 1171 1330 1252 ligura·

265 1301 353 1357 rum,
375 1281 526 1346 videlicet
547 1281 665 1363 planae
692 1289 723 1345 et
744 1299 861 1345 curvae
877 1287 910 1345 et
925 1298 1094 1356 concavae,
1110 1280 1265 1363 possibile
1281 1289 1331 1346 est

264 1391 447 1473 intelligere
464 1392 584 1456 volenti
599 1392 682 1457 illud
698 1393 898 1472 dignoscere,
914 1407 989 1455 oum
1004 1391 1216 1455 ratiocinatus
1231 1392 1331 1456 luerit

266 1503 449 1568 secundum
470 1509 666 1584 praetaxata3
686 1509 718 1566 et
734 1504 763 1565 si
778 1501 852 1582 quis
866 1502 1078 1584 perpenderit
1092 1519 1131 1566 ea
1147 1519 1230 1582 quae
1245 1499 1331 1566 dicta

265 1620 343 1680 sunt
364 1615 403 1678 de
425 1613 565 1695 speculis
587 1613 709 1695 planis,
732 1613 839 1676 curvis
861 1618 893 1676 et
914 1613 1078 1687 concavis,
1100 1619 1133 1676 et
1155 1613 1328 1693 deligatis

266 1740 348 1804 quae
366 1725 455 1806 ,fiunt
476 1726 511 1787 in
532 1742 731 1805 unoquoque
754 1741 891 1800 eorum,
914 1725 1096 1788 secundum
1119 1725 1207 1804 quod
1228 1741 1327 1806 erpo-

266 1835 411 1911 suimus,
433 1813 465 1898 et
485 1835 683 1916 coaptaverit
704 1835 757 1897 his
779 1835 837 1898 illa
859 1853 942 1915 quae
965 1833 1098 1915 propria
1114 1841 1191 1898 sunt
1208 1834 1330 1900 diama-

265 1947 323 2009 tris
346 1963 481 2022 eorum,
510 1954 542 2010 et
564 1946 734 2009 diametris
755 1963 867 2009 rerum
889 1963 973 2026 quae
993 1945 1148 2008 videntur
1169 1961 1207 2008 ex
1228 1963 1328 2028 oppo-

265 2057 349 2133 sito,
377 2075 446 2121 uon
472 2057 631 2138 indigebit
653 2057 718 2122 alio
741 2073 895 2122 sermone
916 2058 950 2119 in
974 2055 1165 2119 huiusmodi
1188 2063 1329 2122 contam-

266 2166 427 2248 platione,
448 2168 515 2232 uisi
536 2168 676 2232 voluerit
698 2169 814 2232 eadem
836 2175 992 2247 repetere.

307 2275 413 2342 Facile
441 2280 530 2341 enim
558 2279 621 2342 erit
641 2278 861 2342 consideranti
884 2295 922 2341 ex
941 2275 1115 2358 praedictis
1141 2278 1329 2357 dignoscere

266 2389 391 2469 species
413 2389 614 2452 differentiae
636 2390 829 2464 formarum,
854 2406 938 2469 quae
961 2388 999 2450 tit
1020 2389 1055 2451 in
1079 2387 1219 2469 singulis
1237 2406 1327 2454 cotn-

264 2499 505 2579 positionibus;
536 2517 598 2563 nec
623 2507 731 2562 tamen
755 2506 852 2562 nocet
874 2499 1036 2579 quaedam
1058 2500 1200 2563 breviter
1220 2500 1328 2564 dicere

267 2611 408 2689 deipsis
431 2610 681 2672 diversitatibus.

308 2719 444 2800 Spaoula
473 2721 572 2799 igitur
602 2721 782 2801 composita
812 2737 850 2784 ex
880 2721 1059 2784 directione
1090 2729 1123 2784 et
1151 2720 1327 2795 curvitate,

270 2832 353 2894 sicut
379 2830 437 2893 illa
463 2847 546 2910 quae
576 2830 697 2894 similia
720 2837 795 2894 sunt
821 2829 991 2911 cylindro,
1022 2849 1097 2894 cum
1118 2833 1208 2894 visus
1229 2831 1328 2894 merit

269 2959 288 3003 a
315 2959 411 3005 curva
439 2948 530 3022 parte
557 2959 694 3017 eorum,
724 2950 756 3004 et
783 2940 953 3020 longitudo
976 2941 1022 3004 rei
1045 2943 1205 3005 videndae
1227 2938 1327 3004 inerit

264 3060 371 3115 erecta
398 3053 432 3114 in
462 3054 533 3132 ipso
563 3051 717 3132 speculo,
743 3060 775 3115 et
804 3053 886 3116 situs
908 3052 957 3115 roi
979 3052 1079 3115 suerit
1100 3053 1324 3132 aequidistans

264 3163 460 3242 longitudini
482 3162 621 3244 speculi,
643 3163 813 3244 longitudo
835 3163 948 3242 utique
972 3163 1140 3243 apparebit
1160 3171 1237 3226 tunc
1258 3182 1328 3228 mo·

265 3275 395 3348 derata,
426 3282 458 3336 et
484 3272 569 3336 latus
597 3273 772 3336 sublimius
802 3273 865 3336 erit
893 3291 1045 3346 sursum,
1074 3273 1212 3336 inferius
1234 3274 1325 3337 deor·

263 3399 357 3460 sum;
382 3383 519 3448 latitudo
540 3381 617 3448 vcro
639 3385 769 3458 minor,
792 3390 824 3447 ot
845 3385 933 3464 quod
955 3393 1004 3447 est
1026 3401 1045 3446 a
1067 3384 1208 3460 dextris,
1231 3403 1326 3465 appa·

264 3494 346 3556 rabit
367 3513 387 3557 a
409 3494 570 3570 sinistris,
597 3503 630 3558 et
651 3495 740 3574 quod
761 3512 780 3557 a
801 3495 943 3558 sinistris
965 3513 984 3556 a
1007 3495 1135 3557 dextris.
1165 3493 1229 3557 Sed
1250 3511 1326 3558 cum

264 3601 400 3668 latitudo
423 3604 470 3666 rei
491 3603 649 3668 videndae
671 3606 769 3668 brerit
790 3605 1013 3686 aequidistans
1040 3603 1236 3684 longitudini
1258 3622 1327 3684 ape-

263 3714 344 3790 culi,
366 3713 503 3777 latitudo
526 3717 659 3794 quidem
682 3716 849 3796 apparebit
869 3716 1047 3789 moderata,
1068 3723 1101 3778 et
1114 3731 1227 3778 rursus
1240 3715 1326 3780 vide

262 3826 384 3890 buntur
405 3843 458 3888 res
480 3826 608 3889 dextrae
629 3826 801 3900 sinistrae,
823 3832 855 3889 et
876 3827 1028 3890 sinistrae
1052 3825 1203 3903 darmae3
1225 3823 1327 3905 longi-

263 3937 343 3998 tudo
364 3942 474 3999 autam
495 3933 658 4000 videbitur
679 3937 820 4012 brevior,
842 3943 874 4000 et
891 3937 980 4017 quod
995 3953 1143 4012 sursum,
1160 3935 1328 4018 apparebit

265 4061 410 4122 nursiam,
432 4055 465 4110 et
486 4047 573 4127 quod
595 4047 766 4120 deorsum,
789 4047 954 4112 deorsum.

305 4157 342 4220 ln
364 4157 600 4238 speculisvero
615 4157 808 4240 compositis
823 4173 862 4222 ex
875 4158 1074 4223 concavitate
1089 4165 1120 4222 et
1133 4158 1324 4234 directione,
