3550 5452
437 565 476 629 30
1255 614 1258 619 ,

436 675 548 750 ricem,
570 692 630 756 per
650 673 861 754 superficiem
883 670 982 736 totius
1003 671 1104 736 hosis.
1125 671 1232 738 Sentit
1255 677 1368 738 autem
1385 679 1510 740 rectam

327 849 334 866 ,
434 787 574 859 lineam,
591 803 668 848 cnm
686 784 858 864 longitudo
876 782 1002 858 lineae,
1021 800 1108 864 quae
1124 790 1173 848 est
1189 783 1276 847 inter
1290 785 1510 852 extremitates

436 896 603 959 radiorum
625 895 730 969 visus,
752 893 853 958 fuerit
875 900 1009 958 extensa
1031 899 1154 976 quanto
1177 893 1283 974 magis
1305 895 1433 958 extendi
1452 913 1512 985 po-

436 1011 511 1080 test,
535 1011 567 1068 et
588 1006 663 1068 ideo
685 1011 774 1069 recta
796 1003 884 1068 linea
905 1003 977 1068 sola
996 1003 1083 1066 facte
1104 1003 1283 1072 esttminor
1298 1005 1455 1069 omnibus
1471 1004 1511 1068 li·

435 1116 522 1190 neis,
545 1095 629 1196 qu'ae
652 1116 822 1180 continent
841 1114 1018 1189 terminos,
1041 1121 1074 1178 et
1088 1114 1170 1180 haec
1186 1120 1234 1179 est
1248 1113 1410 1180 naturalis
1424 1117 1508 1180 ratio

435 1228 476 1288 do
498 1235 587 1291 recta
601 1226 699 1290 linea.
715 1227 858 1306 Ideoque
872 1225 1079 1289 rationamur
1094 1225 1134 1289 de
1148 1225 1250 1288 rebus
1270 1226 1381 1299 rectis,
1403 1225 1511 1305 primo

435 1337 572 1418 quidem
594 1355 653 1418 per
674 1353 826 1417 corpora,
849 1353 992 1416 quorum
1014 1341 1122 1416 partes
1145 1335 1273 1400 similes
1297 1342 1398 1412 sunt,
1426 1353 1511 1416 quae

438 1449 553 1528 utique
576 1447 783 1511 extendimus
800 1450 924 1527 quanto
940 1447 1047 1526 magis
1061 1461 1249 1526 possumus,
1271 1452 1309 1508 ut
1331 1445 1466 1527 capillos
1482 1454 1515 1510 et

438 1558 494 1621 filo
507 1557 579 1634 lini;
600 1557 754 1622 similiter
770 1557 870 1620 etiam
887 1574 947 1638 per
960 1555 1089 1636 regulas
1105 1562 1138 1620 et
1154 1557 1311 1638 dioptrae,
1327 1562 1361 1620 et
1374 1557 1409 1620 id
1422 1558 1513 1636 quod

397 1673 409 1698 ·
435 1675 485 1730 est
506 1676 652 1732 ereetum
667 1685 768 1748 penes
785 1669 978 1730 orizontem.
1001 1665 1149 1729 Sentitur
1167 1672 1279 1730 autem
1296 1683 1397 1730 curve
1413 1664 1513 1741 linea,

437 1777 570 1857 quando
593 1796 708 1841 omnes
730 1777 814 1841 radii
836 1777 944 1864 visus,
967 1778 1026 1858 qui
1048 1795 1243 1857 supeream
1265 1777 1408 1852 cadunt,
1434 1794 1511 1842 con·

436 1865 542 1950 tinent
568 1905 641 1951 eam
670 1905 748 1951 cum
779 1886 891 1950 altera·
908 1891 977 1950 una
1002 1893 1036 1952 et
1058 1886 1175 1950 eadem
1196 1886 1287 1950 linea
1307 1887 1509 1966 ad'angulos

436 1997 591 2078 aequales
612 1998 648 2060 in
670 1998 776 2080 capite
798 1997 988 2079 pyramidis,
1012 2003 1044 2061 et
1060 1997 1133 2078 ipsa
1152 1995 1243 2060 linea
1264 1997 1451 2077 pervenerit
1472 1999 1512 2062 ad

436 2115 586 2172 centrum
603 2108 728 2172 circuli.
743 2110 868 2172 Rursus
884 2107 1077 2189 superficies
1092 2106 1192 2190 plana
1206 2107 1365 2184 sentitur,
1380 2108 1512 2188 qnando

436 2237 494 2298 per
520 2224 622 2282 totam
650 2219 788 2293 besem,
817 2236 917 2299 super
950 2234 1051 2297 quam
1078 2218 1202 2281 cadunt
1229 2217 1376 2282 visibiles
1403 2217 1510 2292 radii,

435 2334 630 2408 coaptantur
639 2335 747 2392 rectae
757 2328 865 2391 lineae
875 2328 1034 2408 undique.
1042 2327 1188 2391 Sentitur
1198 2333 1308 2392 antem
1321 2328 1513 2408 superficies

437 2439 619 2520 sphaerica,
635 2457 711 2503 cnm
734 2439 883 2520 undique
902 2445 1071 2520 coaptatae
1086 2439 1213 2502 fuerint
1228 2439 1512 2504 circumferentiae

436 2566 536 2627 super
556 2567 673 2612 omnes
695 2555 805 2630 partes
830 2549 930 2612 basis.
952 2550 1092 2630 Apparet
1114 2563 1249 2629 quoque
1271 2548 1368 2612 nobis
1392 2567 1513 2630 super·

437 2658 528 2721 ficies
557 2665 613 2721 aut
639 2658 730 2722 linea
758 2675 923 2734 concava,
952 2676 1031 2723 cum
1057 2657 1160 2722 fuerit
1181 2658 1349 2740 proportio
1371 2659 1513 2724 visibilis

437 2767 521 2831 radii
545 2769 715 2832 adrectos
738 2768 879 2849 angulos
902 2768 1079 2832 incidentis
1101 2767 1208 2832 maior
1231 2769 1273 2831 ad
1294 2755 1449 2849 obliquos
1463 2753 1514 2832 ra·

435 2877 524 2952 dios,
546 2895 647 2957 quam
670 2879 838 2960 proportio
861 2878 1088 2945 consimilium
1109 2878 1281 2943 radiorum
1305 2879 1431 2954 dehis,
1455 2879 1515 2960 qui

437 2989 559 3052 eadunt
580 3005 680 3070 snper
695 2989 828 3070 plenam
843 2989 1066 3070 superficiem,
1083 2995 1141 3052 ant
1156 3007 1257 3070 super
1273 2995 1377 3054 nectes
1394 2989 1512 3066 lineam

435 3106 468 3162 et
490 3106 626 3180 apparet
647 3100 743 3163 nobis
765 3117 876 3175 curva,
898 3073 976 3164 cum
998 3099 1166 3183 proportio
1188 3099 1291 3163 fuerit
1306 3099 1427 3162 minor.
1443 3101 1511 3164 ldae

436 3215 549 3272 antem
572 3210 657 3272 dnae
680 3210 806 3290 figurae
828 3208 918 3274 idem
939 3215 1029 3286 sunt,
1045 3216 1078 3273 ot
1095 3225 1316 3291 unaquaeque
1339 3227 1454 3274 earum
1472 3211 1514 3272 ad

436 3318 573 3381 alteram
595 3318 695 3383 habet
707 3319 851 3384 similem
869 3320 1126 3401 proportionem,
1142 3327 1287 3400 suntque
1304 3319 1410 3384 dehis
1426 3337 1512 3400 quae

435 3435 595 3491 vocantur
609 3427 753 3503 relativa,
773 3438 808 3492 ut
821 3448 977 3494 ascensus
995 3436 1028 3492 et
1042 3429 1226 3503 distensus,
1242 3436 1275 3493 et
1288 3447 1511 3510 unaquaeque

437 3557 551 3603 earum
574 3545 743 3620 cooptatur
758 3559 858 3620 super
872 3540 1026 3628 alteram,
1040 3557 1140 3604 curva
1161 3539 1296 3619 quidem
1318 3559 1418 3622 super
1433 3557 1511 3604 con·

341 3695 347 3706 .
436 3666 567 3722 cavam,
591 3656 624 3711 et
645 3667 789 3713 concava
804 3667 904 3730 super
925 3666 1077 3728 curvam3
1093 3649 1184 3729 quod
1202 3649 1294 3713 enim
1310 3651 1513 3714 extrinsecus

407 3759 601 3833 ‘eontinet,
636 3767 686 3822 est
707 3777 891 3825 concavum
919 3760 1105 3839 quoddam3
1135 3766 1329 3824 contentum
1357 3778 1434 3824 vero
1465 3768 1515 3824 est

435 3886 585 3932 curvum.
613 3869 771 3932 Similiter
792 3874 909 3936 autem
926 3887 979 3932 res
1002 3886 1164 3936 concavae
1186 3868 1513 3950 comprehenduntur

436 3996 495 4058 per
515 3979 707 4060 superficies
723 3979 854 4042 basium
872 3997 1058 4057 curvarum,
1071 3987 1104 4044 et
1116 3997 1237 4044 curvae
1249 3997 1309 4063 per
1319 3979 1513 4061 superficies
1585 4037 1598 4061 ,

436 4087 568 4154 basium
590 4107 831 4167 concentuum,
860 4095 972 4172 utpote
995 4090 1073 4158 illae
1095 4107 1181 4172 quae
1202 4097 1292 4156 tactu
1313 4090 1512 4158 sentiuntur.
