3550 5452
460 609 498 670 78

459 717 531 790 tiis,
557 733 639 794 quas
662 713 934 794 comprehendit,
959 712 1080 774 minor.
1113 710 1250 774 Videtur
1273 717 1385 772 autom
1407 709 1469 772 bac
1492 709 1532 772 'de

456 844 557 889 causa
571 825 659 904 quod
674 826 714 887 de
730 825 829 886 rebus
846 839 930 902 quae
946 823 1074 883 suntin
1090 820 1195 894 coelo,
1213 826 1245 882 et
1260 819 1462 882 subtendunt
1478 837 1532 882 ae-

457 935 573 1014 quales
589 907 729 1012 angulos
744 933 831 994 inter
844 933 954 995 radice
967 929 1125 1006 visibiles,
1137 929 1216 992 illae
1229 947 1313 1008 quae
1325 929 1532 1009 propinquae

455 1051 534 1106 sunt
553 1051 688 1123 puncto,
711 1043 768 1120 qui
790 1059 891 1120 super
913 1047 1011 1120 caput
1033 1046 1184 1102 nostrum
1207 1046 1272 1112 est,
1295 1047 1455 1118 apparent
1470 1039 1533 1098 rni-

457 1171 570 1230 nores3
588 1169 673 1232 quae
688 1169 765 1213 vero
780 1157 858 1213 sunt
873 1167 974 1230 prope
990 1149 1213 1222 horizontem,
1229 1148 1386 1211 videntur
1402 1149 1530 1209 diverso

456 1263 557 1324 modo
580 1269 613 1324 et
634 1261 821 1324 secundum
843 1259 1131 1322 consuetudinem.
1155 1260 1218 1320 Res
1240 1265 1351 1321 autem
1370 1257 1532 1320 sublimes

456 1371 611 1432 videntur
633 1385 751 1450 parvae
774 1377 863 1434 extra
885 1369 1163 1431 consuetudinem
1187 1376 1316 1430 etcum
1340 1367 1537 1429 difficultate

456 1479 595 1540 actionis
614 1479 802 1542 secundum
816 1479 852 1540 id
869 1479 960 1558 quod
973 1477 1249 1558 praetaxavimus,
1268 1476 1325 1540 ubi
1342 1477 1533 1539 dictumest

456 1589 546 1666 quod
571 1589 699 1651 formae
734 1605 846 1650 rerum
869 1594 1056 1650 erectarum
1078 1605 1179 1666 super
1201 1585 1336 1666 specula
1358 1586 1399 1648 ad
1422 1593 1531 1648 rectos

457 1695 598 1776 angulos
609 1697 764 1760 videntur
779 1699 965 1761 secundum
979 1695 1213 1759 rectitudinem
1229 1695 1302 1757 sine
1317 1695 1533 1774 proclivitate,

455 1811 489 1868 et
510 1811 669 1886 apparent
690 1806 868 1869 translatae
891 1807 933 1870 ad
956 1806 1097 1868 eandem
1119 1811 1263 1885 partem,
1287 1806 1328 1867 ad
1355 1823 1456 1885 quam
1478 1824 1532 1868 res

456 1921 643 1977 moventur.
657 1916 847 1979 Secundum
865 1916 1010 1995 speciem
1029 1916 1121 1978 enim
1136 1913 1316 1990 doctrinae,
1330 1931 1430 1994 quam
1441 1914 1477 1976 in
1492 1935 1531 1980 eo

457 2025 547 2101 quod
573 2031 661 2088 recte
684 2031 841 2106 apparet,
863 2025 1030 2088 sumimus
1045 2073 1062 2114 ,Ι
1075 2030 1107 2088 et
1127 2024 1205 2086 inde
1228 2025 1460 2104 cognoscimus
1482 2025 1532 2088 rei

455 2133 617 2196 videndae
634 2134 852 2214 positionem,
870 2137 916 2198 ita
934 2117 1145 2215 procedimus
1164 2135 1246 2196 etin
1261 2134 1449 2214 cognitione
1467 2134 1532 2196 loci

456 2243 582 2305 formae
609 2251 677 2306 non
700 2262 776 2306 vere
798 2245 1003 2323 apparentis,
1024 2260 1101 2305 cum
1122 2261 1176 2306 res
1194 2249 1389 2323 congregata
1402 2243 1532 2307 videtur

456 2359 544 2416 recte
567 2369 606 2414 ex
628 2353 779 2433 utrisque
794 2351 1057 2429 habitudinibus,
1070 2354 1162 2416 illius
1176 2352 1341 2428 videlicet,
1356 2371 1441 2432 quae
1458 2354 1531 2416 sub·

453 2463 557 2524 iactae
572 2461 620 2523 rei
636 2469 695 2537 est,
711 2465 831 2526 eteius
848 2481 933 2543 quae
948 2481 1024 2526 vere
1041 2471 1186 2543 apparet,
1202 2471 1234 2526 et
1252 2470 1426 2525 conservat
1441 2463 1529 2525 hanc
1621 2464 1632 2484 “

456 2578 581 2634 metam
611 2552 689 2632 cum
712 2591 753 2634 eo
774 2575 864 2652 quod
892 2591 930 2634 ex
954 2572 1104 2652 utrisque
1126 2579 1280 2652 apparet,
1303 2581 1472 2652 tamquam
1502 2575 1532 2634 si

456 2699 573 2746 omnes
588 2684 781 2745 viderentur
795 2685 980 2745 secundum
998 2681 1241 2762 oppositionem
1263 2681 1306 2744 ad
1326 2688 1454 2759 partem
1475 2685 1532 2762 po-

455 2789 587 2852 sitionis
610 2809 689 2854 suae
712 2809 796 2870 quae
819 2799 961 2871 apparet.
984 2792 1172 2871 Magnitudo
1189 2790 1279 2852 enim
1295 2798 1384 2853 recta
1399 2798 1531 2870 apparet

455 2905 563 2974 recta,
591 2899 699 2962 forma
732 2907 845 2962 antem
869 2918 948 2963 vera
976 2900 1012 2962 in
1046 2899 1211 2963 distantiis
1242 2900 1421 2963 moderatis
1453 2919 1530 2964 curn

454 3008 555 3071 fuerit
581 3027 681 3088 super
703 3028 806 3072 unam
834 3009 961 3073 lineam
991 3016 1130 3084 rectam,
1153 3017 1187 3072 et
1213 3027 1266 3071 res
1295 3009 1402 3090 posita
1430 3027 1532 3090 super

454 3119 591 3198 specula
619 3121 661 3182 ad
689 3127 796 3184 rectos
823 3120 977 3200 angulos,
1001 3137 1137 3182 necesse
1165 3127 1214 3182 est
1242 3127 1281 3182 ut
1307 3121 1355 3196 id,
1379 3122 1468 3198 quod
1490 3123 1534 3184 de

455 3227 524 3290 situ
546 3237 700 3309 apparet,
722 3229 911 3294 inveniatur
926 3249 964 3293 ex
986 3231 1135 3310 utrisque
1156 3229 1295 3292 insimul
1316 3247 1416 3310 super
1429 3247 1532 3293 unam

356 3319 359 3328 ’
454 3337 594 3414 lineam;
618 3345 651 3400 et
672 3339 702 3398 si
725 3341 842 3402 eadem
864 3339 1059 3418 magnitudo
1082 3338 1275 3418 apparuerit
1297 3345 1407 3402 erecta
1432 3358 1531 3420 super

454 3446 582 3525 speculi
604 3447 831 3527 superficiem,
850 3456 883 3511 et
904 3449 1066 3527 apparitio
1090 3450 1163 3511 eius
1185 3448 1285 3511 luerit
1305 3466 1405 3528 super
1426 3467 1529 3512 unam
1600 3446 1607 3453 ’

454 3555 581 3618 lineam
603 3563 744 3632 rectam,
767 3575 882 3621 rursus
896 3558 1063 3621 videbitur
1078 3566 1186 3622 erecta
1204 3575 1309 3638 super
1324 3559 1397 3639 ipsa
1418 3577 1530 3639 snper·

455 3664 546 3738 srcie,
570 3665 615 3728 ita
637 3667 727 3744 quod
754 3667 848 3731 nulla
870 3668 1036 3730 distinctio
1060 3667 1102 3730 sit
1130 3668 1313 3731 inteream
1343 3677 1375 3730 et
1395 3668 1530 3731 totalem

458 3773 702 3852 diversitatem,
725 3794 763 3838 ac
785 3778 815 3840 si
837 3769 1107 3841 constituerimus
1130 3795 1184 3840 res
1206 3777 1365 3840 videndas
1387 3778 1421 3840 in
1443 3781 1530 3841 veris

455 3883 555 3958 locis,
578 3883 653 3948 illas
676 3886 830 3950 videlicet
852 3905 938 3968 quae
954 3895 1136 3969 ponuntur,
1152 3888 1337 3950 secundum
1353 3888 1441 3966 quod
1457 3905 1530 3966 spe-

455 3991 540 4055 culis
564 3995 707 4072 pertinet
729 3996 770 4058 de
793 3995 846 4058 his
859 4013 944 4076 quae
958 3998 1113 4060 videntur
1134 4005 1166 4060 et
1179 3997 1295 4060 formis
1310 4014 1439 4072 eorum,
1453 4015 1530 4060 con-

456 4111 581 4168 servata
602 4105 638 4166 in
664 4124 866 4186 unoquoque
890 4114 1042 4170 utrorum
1065 4106 1214 4170 locorum
1237 4115 1326 4170 meta
1341 4106 1424 4181 eius,
1441 4107 1530 4186 quod
