3550 5452
437 567 477 630 88

479 677 547 739 Hoc
570 683 680 742 antem
702 674 811 740 simile
834 681 884 738 εει
904 675 958 738 his
974 652 1059 756 quae
1076 679 1232 756 apparent
1247 673 1283 736 in
1298 674 1409 751 rebus,
1423 693 1508 754 quae
1591 689 1595 698 ·

436 793 523 850 recte
546 784 722 860 videntur,
743 784 896 850 videlicet
917 785 1008 865 quod
1034 803 1074 848 ea
1096 802 1182 864 qnae
1205 783 1358 848 videntur
1378 801 1438 863 per
1458 802 1511 846 ra·

436 895 509 960 dios
532 894 684 969 dextros,
713 902 870 976 apparent
900 913 919 958 a
945 895 1059 958 dextra
1083 901 1176 974 parte
1208 899 1344 966 nostra,
1366 899 1399 954 et
1424 911 1510 974 qnae

436 1022 495 1085 per
520 1003 690 1078 sinistros,
711 1023 732 1068 a
753 1004 908 1080 sinistra,
930 1011 963 1066 et
991 1004 1070 1083 quia
1096 1002 1131 1066 id
1159 1004 1249 1082 quod
1276 1009 1326 1068 est
1347 1021 1367 1066 a
1388 1003 1510 1068 dextris

439 1115 576 1190 nostris,
599 1115 639 1178 de
661 1133 698 1180 re
718 1114 815 1198 cpins
836 1114 937 1178 facies
960 1122 1010 1176 est
1028 1114 1177 1196 opposita
1192 1113 1288 1176 faciei
1304 1124 1446 1186 nostrae,
1461 1121 1511 1176 est

438 1242 458 1288 a
479 1225 623 1288 sinistris
645 1225 694 1288 rei
715 1223 815 1292 nobis
830 1224 1018 1304 oppositae,
1034 1224 1160 1286 formae
1174 1241 1253 1286 vero
1268 1222 1371 1287 iacies
1385 1229 1436 1287 est
1450 1241 1511 1302 op-

435 1333 546 1414 posita
565 1333 661 1402 faciei
683 1333 874 1414 aspicientis
897 1351 993 1413 eam;
1025 1339 1155 1414 oportet
1177 1339 1214 1396 nt
1235 1351 1313 1398 cum
1335 1333 1392 1407 id,
1420 1332 1511 1412 quod

437 1441 587 1509 succedit
607 1448 730 1524 puncto
751 1453 781 1516 ι,
802 1441 903 1506 luerit
923 1443 1032 1506 forma
1056 1444 1105 1508 rei
1128 1443 1271 1515 destrae,
1293 1448 1326 1504 ει
1345 1441 1513 1508 ridebitur

438 1551 727 1640 asinistra,‚parte
750 1559 881 1626 nostra,
902 1552 1081 1620 arbitretur
1101 1569 1197 1616 mens
1223 1569 1297 1617 esse
1319 1551 1512 1626 sinistrum,

439 1662 600 1741 quoniam
622 1661 751 1724 videtur
772 1679 832 1742 per
851 1661 982 1728 radium
1004 1679 1104 1740 quem
1126 1661 1281 1736 diximus,
1303 1667 1337 1726 et
1357 1668 1408 1724 est
1428 1660 1512 1722 sini-

439 1781 545 1834 strum
578 1771 647 1844 rei,
677 1771 773 1836 cuins
801 1770 901 1834 iacies
923 1771 1074 1851 opposite
1096 1770 1217 1834 estrei
1238 1788 1345 1837 verae.
1377 1772 1511 1839 Formas

438 1878 574 1960 quidem
588 1897 674 1960 quae
690 1887 848 1960 apparent
862 1880 897 1946 in
913 1879 1021 1960 planis
1037 1878 1192 1960 speculis,
1206 1879 1361 1960 possibile
1377 1887 1428 1944 est
1444 1880 1513 1943 cni·

439 1988 523 2052 libet
543 2006 742 2070 cognoscere
764 2007 823 2070 par
835 2008 876 2054 aa
888 2007 974 2070 quae
991 1991 1291 2056 demonstravimus
1305 2008 1374 2052 non
1389 1989 1513 2056 differri

438 2119 458 2164 a
479 2099 639 2168 subiectis
661 2100 771 2172 rebus,
792 2117 876 2180 quae
898 2105 985 2167 recte
1007 2099 1172 2174 videntur,
1194 2100 1235 2162 de
1252 2099 1305 2163 bis
1320 2116 1405 2179 qnae
1420 2116 1510 2162 com·
1603 2183 1609 2192 ι

438 2207 707 2290 prehenduntur,
732 2215 765 2271 et
782 2209 872 2288 qnod
893 2208 1028 2272 habitus
1051 2215 1203 2272 utrorum
1225 2202 1354 2274 similes
1374 2208 1452 2272 sint.

482 2317 565 2390 Ouia
585 2335 662 2380 vero
685 2317 835 2398 sequitur
857 2335 896 2380 ea
918 2334 1004 2396 quae
1022 2317 1175 2392 diximus,
1190 2316 1424 2398 contemplatio
1439 2317 1513 2382 eius

439 2428 529 2509 qued
554 2426 674 2492 accidit
694 2425 821 2500 formis,
844 2445 929 2506 qnae
952 2433 1111 2508 apparent
1132 2427 1168 2488 in
1191 2425 1334 2508 speculis
1351 2426 1462 2490 curris
1480 2433 1513 2489 et

439 2536 604 2612 concavis,
624 2535 740 2617 primo
749 2536 908 2604 debemus
930 2537 1048 2610 dicere,
1070 2537 1159 2616 quod
1176 2537 1210 2600 in
1226 2535 1280 2600 his
1295 2536 1426 2600 duabus
1440 2553 1514 2616 spe·

439 2646 554 2714 melius
576 2645 733 2712 accidunt
754 2644 850 2726 plura
863 2645 994 2710 diversa
1007 2645 1047 2710 ab
1063 2645 1116 2708 his
1138 2663 1223 2726 quae
1240 2652 1330 2711 recta
1344 2651 1513 2726 apparent,

439 2755 530 2835 quod
551 2753 686 2836 quidem
707 2754 837 2818 ridetur
857 2753 894 2816 in
921 2753 1030 2835 planis
1057 2753 1215 2836 speculis.
1240 2756 1319 2820 Fere
1345 2772 1444 2820 omne
1466 2753 1514 2816 ri»

440 2863 536 2928 detur
566 2862 677 2928 simile
707 2881 863 2944 apparere
897 2863 948 2926 illi
974 2865 1065 2945 qnod
1089 2871 1177 2934 recte
1199 2863 1340 2937 videtur,
1365 2865 1452 2928 sicut
1477 2863 1513 2926 in

438 2971 714 3054 praecedentibus
735 2973 1046 3038 demonstravimus.
1068 2975 1200 3044 Rectam
1215 2973 1305 3036 enim
1320 2973 1444 3038 lineam
1461 2990 1515 3038 ac·

438 3083 518 3148 cidit
539 3100 611 3147 esse
633 3090 804 3164 tarnquam
826 3101 899 3148 rem
916 3084 1061 3148 mediam
1082 3083 1171 3151 inter
1185 3081 1268 3149 alias
1282 3083 1365 3149 duas
1381 3083 1514 3164 figuras,

439 3211 574 3258 curvam
596 3190 749 3256 videlicet
770 3199 802 3256 ει
822 3194 1013 3268 concavam,
1026 3199 1059 3256 et
1072 3199 1123 3256 est
1137 3192 1173 3254 in
1188 3191 1305 3262 ordine
1321 3191 1513 3275 scquillac

439 3308 552 3364 entem
579 3301 663 3364 duae
691 3301 815 3382 ligures
844 3302 981 3392 suntin
1004 3301 1120 3367 ordine
1142 3303 1191 3366 rei
1213 3319 1281 3366 non
1304 3319 1452 3382 aequae,
1481 3309 1516 3366 et

439 3409 570 3510 suntad
581 3409 724 3475 invicem
738 3411 934 3484 contrariae,
947 3417 980 3474 et
991 3411 1176 3476 contrariae
1188 3411 1229 3476 ad
1241 3411 1366 3476 lineam
1377 3419 1512 3490 rectam.

441 3519 642 3604 Quapropter
657 3524 784 3602 oporaet
799 3519 1008 3585 considerare
1025 3521 1293 3602 praeponendam
1307 3538 1381 3586 esse
1392 3526 1515 3584 rectam

439 3627 565 3700 lineam
597 3626 694 3692 lineis
725 3628 834 3693 curvis
862 3633 895 3692 et
920 3629 1216 3712 circumferentiis,
1250 3636 1317 3692 tam
1339 3626 1374 3699 n
1396 3637 1515 3694 natura

440 3754 541 3822 quam
563 3739 598 3800 in
621 3737 793 3818 dignitate3
815 3737 1007 3808 huiusmodi
1024 3739 1115 3804 enim
1129 3739 1238 3804 lineae
1252 3757 1372 3806 curvae
1387 3738 1515 3821 primae

441 3845 623 3928 simplices,
650 3865 794 3928 quarum
827 3866 895 3913 una
928 3855 980 3911 est
1005 3848 1208 3926 constitutio,
1237 3848 1325 3912 finnt
1353 3866 1392 3914 ex
1416 3848 1515 3914 lineis

439 3957 548 4030 rectis,
571 3963 603 4023 et
624 3957 711 4020 sicut
731 3956 831 4042 plana
853 3957 988 4040 specula
1009 3959 1170 4022 maiorem
1191 3957 1268 4025 aliis
1281 3959 1514 4040 proprietatem

439 4067 587 4158 obtinent
609 4064 644 4130 in
667 4065 872 4132 observanda
893 4068 1114 4145 ordinatione,
1137 4068 1183 4132 ita
1205 4075 1237 4134 et
1260 4067 1397 4150 specula
1414 4085 1514 4132 curra
