3512 5456
448 605 510 670 tot

447 716 546 793 visui,
561 735 701 797 quorum
719 736 824 780 unum
840 717 960 782 habeat
973 719 1202 782 continentem
1217 719 1424 799 superficiem
1440 725 1523 784 tanr-

448 841 547 906 quam
572 826 715 906 flguram·
740 827 816 890 cubi
836 833 875 890 ut
896 826 968 901 illa,
991 829 1024 890 in
1049 833 1126 907 qua'
1139 829 1395 910 superscriptum
1417 836 1466 892 est
1487 848 1521 904 ας

447 937 629 1001 secundum
651 953 729 1000 vero
759 936 879 1000 lrabeat
907 938 1047 1015 liguram
1069 937 1226 1017 cylindri,
1254 945 1292 1002 ut
1317 938 1376 1001 illa
1398 939 1432 1001 in
1456 955 1521 1018 que
1589 934 1593 942 '

448 1046 704 1126 superscriptum
721 1053 770 1108 est
791 1047 825 1120 ις
848 1048 979 1108 tertium
994 1065 1071 1108 vero
1087 1046 1207 1110 habeat
1220 1047 1367 1128 undique
1384 1047 1519 1126 liguram

448 1155 523 1218 cubi
545 1163 674 1234 praeter
693 1156 732 1218 in
751 1174 819 1218 uno
837 1155 959 1229 latere,
973 1154 1031 1218 illo
1053 1156 1206 1221 videlicet
1227 1157 1316 1236 quod
1338 1157 1399 1220 erit
1421 1173 1520 1238 oppo-

408 1274 410 1280 ’
448 1265 549 1330 situm
577 1265 678 1338 visui,
701 1263 785 1328 illud
808 1273 916 1328 autem
944 1266 987 1328 sit
1013 1277 1192 1330 concavum
1223 1266 1404 1330 secundum
1435 1264 1548 1345 flguv'

448 1389 520 1436 ram
543 1373 699 1453 cylindri,
721 1381 754 1437 et
775 1373 820 1436 sit
837 1375 1042 1454 profunditas
1069 1376 1140 1438 eius
1170 1383 1336 1454 tamquam
1363 1376 1523 1440 medietas

447 1481 604 1563 sphaerae
626 1483 712 1547 sicut
733 1485 855 1563 iigtrra,
878 1486 912 1546 in
937 1502 1001 1563 qua
1023 1485 1179 1564 scriptum
1202 1491 1253 1548 est
1272 1505 1300 1563 p.

490 1593 570 1656 Cum
601 1593 701 1673 igitur
729 1592 933 1658 voluerimus
965 1593 1086 1674 haltere
1118 1595 1241 1657 formos
1274 1591 1519 1674 particularium

447 1719 579 1776 remur,
611 1703 769 1766 dehemus
800 1703 911 1783 prius,
946 1684 1192 1768 considerantes
1212 1705 1253 1768 de
1277 1704 1520 1767 diversitatibus

447 1811 627 1876 formarum
650 1829 724 1874 curn
750 1812 941 1892 superficies
967 1829 1052 1899 quaa
1078 1813 1249 1893 distinguit
1275 1814 1340 1878 duo
1363 1831 1521 1894 corpora,
1619 1856 1626 1868 .

448 1921 547 1996 irrcrit
567 1919 681 2001 plana,
702 1922 906 2001 replerevas
929 1922 1013 1984 cubo
1036 1921 1145 1986 simile
1169 1941 1253 2002 aqua
1274 1923 1466 2004 purissima,
1489 1931 1521 1986 ct

448 2047 571 2112 ponere
597 2031 703 2093 visum
731 2032 766 2093 in
794 2032 1001 2111 oppositione
1032 2030 1171 2095 alicuius
1202 2033 1341 2096 latorum
1370 2034 1463 2107 eius,
1490 2040 1522 2096 et

448 2137 627 2202 immittere
649 2139 684 2202 in
708 2140 964 2220 profunditatem
988 2141 1060 2204 eius
1083 2141 1230 2220 regulam
1258 2142 1445 2205 moderatae
1468 2141 1518 2204 la·

448 2248 611 2322 titudinis,
634 2259 718 2328 quas
740 2250 784 2311 sit
806 2255 912 2314 erecta
934 2251 976 2312 ad
998 2250 1153 2330 aequales
1168 2250 1319 2331 angulos,
1334 2251 1429 2314 carius
1443 2249 1519 2313 lon·

448 2356 606 2434 gitudinis
621 2376 696 2438 pars
711 2359 753 2420 sit
765 2376 864 2438 supra
879 2377 982 2438 aquae
998 2359 1214 2440 superficiem.
1231 2361 1312 2422 Cum
1323 2377 1399 2440 erqo
1412 2377 1519 2424 erexe-
1568 2357 1578 2365 ”

429 2463 433 2468 “
447 2465 551 2531 rimus
568 2466 615 2528 ibi
634 2466 778 2545 regulam
794 2468 836 2528 ad
852 2476 958 2530 rectos
973 2469 1124 2548 angulos,
1142 2470 1324 2534 eritlorma
1339 2469 1519 2550 procedens

446 2575 628 2640 secuudum
650 2576 886 2638 rectitudinem
916 2579 1016 2657 pertis
1045 2577 1203 2657 regulae,
1233 2595 1318 2657 quac
1347 2585 1396 2640 est
1424 2593 1521 2658 supra

447 2701 584 2764 aquom,
607 2692 716 2748 tamen
738 2686 907 2765 apparebit
927 2688 1144 2767 propinquior
1165 2696 1198 2750 ct
1218 2689 1325 2750 maior
1347 2705 1446 2766 quarn
1468 2705 1519 2750 ros
1589 2667 1595 2679 ’

446 2811 536 2868 vera,
561 2800 593 2856 et
613 2795 748 2858 habebit
769 2794 913 2858 similem
936 2796 986 2860 illi
1009 2797 1157 2876 liguram.
1180 2844 1186 2854 ,

491 2904 581 2976 Quod
598 2912 708 2967 autem
724 2903 851 2984 singula
865 2906 1002 2968 istorum
1020 2907 1065 2969 ita
1079 2907 1200 2969 debent
1214 2906 1296 2981 fleri,
1312 2907 1520 2986 dignoscetur

447 3013 630 3076 secundum
653 3014 740 3092 quod
763 3015 1016 3093 exposuerimus.
1048 3018 1120 3078 listo
1144 3015 1311 3078 distinctio
1334 3017 1519 3079 communis

446 3121 632 3202 superficiei
662 3140 766 3203 aquae
795 3131 828 3186 et
856 3124 1064 3204 superficiei,
1091 3125 1131 3188 de
1154 3143 1220 3204 qua
1240 3124 1393 3189 tit-ileaio
1415 3125 1518 3198 radii,

446 3229 538 3294 linea
558 3233 628 3310 obp
657 3232 725 3310 (Μ.
749 3232 809 3306 sot
840 3242 947 3307 recta,
971 3241 1003 3297 et
1023 3234 1112 3296 risus
1134 3235 1178 3296 sit
1199 3236 1239 3310 d,
1262 3241 1293 3296 et
1314 3233 1520 3314 protrahatur

439 3339 557 3405 radius
575 3341 633 3416 dt,
654 3348 687 3404 et
703 3348 846 3406 nauseat
859 3359 918 3422 par
931 3350 1089 3423 punctum
1104 3344 1120 3404 t
1139 3341 1419 3425 perpendicularis
1432 3345 1518 3419 abt,

447 3457 480 3512 et
502 3449 650 3518 flectetur
675 3452 730 3514 dt
744 3453 784 3514 ad
809 3458 934 3531 partem
958 3452 1233 3533 perpendicularis
1249 3470 1347 3532 super
1362 3453 1412 3526 tt,
1434 3453 1518 3516 siout

445 3559 569 3635 accidit
596 3577 672 3624 curn
700 3561 916 3624 penituerit
943 3562 977 3624 in
1007 3561 1173 3625 subtiliori
1200 3579 1355 3643 corpore,
1384 3570 1416 3626 et
1443 3579 1517 3644 pro·

448 3668 595 3742 trahatur
624 3688 643 3732 a
671 3679 792 3751 puncto
817 3680 827 3732 t
856 3671 1133 3751 perpendicularis
1165 3671 1208 3734 ad
1232 3691 1296 3750 op,
1322 3678 1354 3734 et
1379 3672 1424 3736 sit
1450 3673 1518 3750 tlcp.

440 3776 615 3842 ‚videbitur
641 3797 719 3860 ergo
746 3797 800 3844 res
826 3796 910 3859 quae
937 3788 985 3844 est
1011 3797 1108 3860 super
1134 3787 1292 3860 punctum
1320 3790 1330 3846 t
1357 3781 1392 3842 in
1417 3781 1456 3854 la,
1486 3789 1518 3842 ot

447 3886 525 3965 quia
546 3886 654 3952 lineae
675 3891 696 3952 d
703 3890 733 3965 t,
752 3891 788 3952 bt
808 3889 945 3954 insimul
967 3891 1110 3954 maiores
1123 3895 1199 3952 sunt
1212 3905 1313 3969 quam
1328 3890 1418 3954 linea
1431 3890 1514 3963 dtis,

445 3995 586 4074 angulus
609 3999 698 4064 enirn
724 4000 781 4062 ιιι
804 4007 854 4062 est
877 3999 1033 4073 obtusis,
1060 3999 1122 4061 erit
1147 3999 1301 4066 distantia
1322 4000 1446 4066 formae
1468 4001 1516 4064 rei

377 4155 379 4160 .
436 4105 606 4178 uidendae
628 4109 740 4174 minor
758 4127 857 4189 quarn
874 4108 1138 4174 deuotissimae
1156 4108 1222 4187 roi;
1237 4116 1279 4172 st
1298 4126 1373 4175 cunr
1395 4116 1516 4190 protra-
