3512 5456
1230 607 1291 674 tit

228 719 318 786 aliud
339 727 468 802 praeter
489 720 591 818 iliam]
606 722 649 784 sit
669 721 735 802 ihi,
759 722 865 802 sitque
888 723 1045 787 diameter
1066 741 1126 804 oap
1148 738 1291 805 perpen-

228 829 384 896 dicularis
411 849 510 912 super
539 850 643 912 aquae
668 832 888 914 superficiem.
925 833 1081 898 Sumatur
1102 851 1236 915 quoqne
1258 833 1293 900 fn

229 940 327 1006 altera
345 943 383 1004 de
402 942 533 1006 duabus
552 943 677 1022 quartis
695 942 839 1022 plancae,
856 959 940 1023 quae
956 951 1035 1008 sunt
1048 959 1147 1026 super
1161 959 1292 1024 aquam,

228 1074 247 1116 a
269 1061 426 1133 punctos
448 1054 710 1118 circumferentia
735 1055 823 1126 data,
846 1063 882 1116 nt
896 1073 951 1127 aa,
977 1063 1007 1117 et
1025 1074 1139 1118 rursus
1153 1063 1292 1135 ponatur

227 1163 466 1243 superlatum
489 1164 599 1244 aliqua
622 1183 720 1244 parva
743 1166 933 1244 magnitudo
954 1166 1106 1228 colorata.
1132 1166 1163 1225 Si
1180 1167 1290 1246 itaque

226 1276 447 1354 aspexerimus
470 1291 547 1336 cnm
569 1273 674 1338 altero
698 1275 884 1352 oculorum,
899 1292 1074 1356 quousque
1090 1277 1292 1356 apparebunt

229 1385 324 1449 nohis
347 1391 504 1464 utraeque
528 1385 726 1466 quantitates
754 1385 893 1448 insimul
915 1404 1014 1468 super
1035 1385 1164 1449 radium
1184 1404 1293 1466 proce·

227 1497 359 1559 dentem
382 1513 401 1558 a
422 1495 521 1570 visu,
551 1495 700 1560 tideiicet
722 1497 889 1575 quantitas
910 1513 929 1559 a
956 1505 987 1560 et
1010 1496 1174 1577 quantitas
1195 1515 1232 1572 c,
1261 1504 1292 1560 et

225 1605 427 1670 volverimus
455 1607 575 1670 fustem
602 1625 737 1687 parvum
761 1605 915 1670 subtilem
939 1625 1037 1688 super
1058 1607 1291 1670 circumferen-

226 1717 305 1780 tiam
329 1717 513 1798 eppositam
536 1717 571 1778 in
595 1735 682 1798 aqua
705 1717 918 1793 existentem,
942 1736 1027 1798 qnae
1050 1726 1099 1780 est
1117 1721 1183 1796 pd,
1209 1735 1292 1798 quo·

226 1844 331 1907 usque
354 1826 541 1906 apparuerit
564 1826 748 1891 extremitas
771 1827 881 1913 fustis,
906 1845 990 1907 quae
1013 1834 1060 1889 est
1083 1845 1101 1890 a
1122 1834 1212 1906 parte
1230 1829 1291 1891 cir-

225 1936 458 2000 cumferentiae
480 1938 516 1998 in
539 1937 745 2017 oppositione
762 1938 903 2000 duarum
918 1938 1183 2016 magnitudinum
1199 1955 1289 2020 prae·

226 2046 407 2121 dictarum,
435 2053 466 2110 et
494 2047 733 2126 sumpserimus
755 2055 882 2128 partem
903 2047 1184 2116 circumferentiae
1207 2067 1289 2129 quoe

224 2165 274 2220 est
295 2157 409 2236 interp
433 2165 464 2220 et
486 2163 737 2238 punctumque
760 2165 845 2221 recte
869 2164 1011 2238 apparet,
1033 2165 1145 2240 utpote
1159 2161 1219 2238 pit,
1240 2159 1290 2220 in-

224 2268 374 2330 venietur
401 2268 515 2347 utique
539 2285 666 2348 semper
688 2268 952 2330 circumferentia
973 2269 1038 2330 ista
1059 2268 1168 2332 minor
1189 2287 1289 2349 quam

223 2397 281 2452 az,
294 2385 335 2440 et
358 2392 435 2441 oum
459 2378 721 2458 copulaverimus
744 2377 847 2442 lineas
863 2394 914 2455 aa,
930 2379 981 2452 eit,
998 2380 1059 2442 erit
1074 2379 1214 2458 angulus
1228 2397 1289 2444 aaz

224 2489 330 2551 maior
351 2487 472 2568 angulo
487 2489 564 2568 pain·
588 2489 678 2569 quod
699 2507 765 2551 non
789 2489 826 2550 iit
847 2489 911 2550 nisi
934 2507 1009 2552 curn
1029 2488 1146 2552 accidit
1163 2489 1292 2564 fractio,

226 2598 260 2661 id
274 2605 322 2662 esi
337 2615 414 2662 cum
428 2599 541 2661 radius
556 2617 594 2662 xe
608 2598 772 2678 frangitur
787 2599 827 2662 ad
844 2599 1062 2664 itsecuudum
1076 2606 1288 2680 augmentum

223 2709 356 2772 alterius
372 2709 572 2789 angulorum
590 2710 815 2790 oppositorum
833 2729 932 2790 super
950 2710 1098 2774 alterum.
1119 2712 1242 2774 Rursus
1259 2711 1287 2773 si

223 2820 430 2900 posuerimus
452 2819 587 2882 oculum
609 2835 707 2901 super
727 2820 1032 2901 perpendicularem
1054 2841 1112 2897 ae,
1141 2822 1286 2885 invenie·

223 2943 300 2994 mus
320 2930 459 2994 formam
482 2931 517 2992 in
540 2931 747 3010 oppositione
771 2937 802 2994 et
823 2932 1030 3007 rectitudine,
1046 2938 1078 2995 et
1092 2936 1152 2995 erit
1165 2933 1284 2996 cadens

225 3054 323 3119 super
335 3059 368 3120 p,
391 3059 450 3104 nec
472 3040 591 3104 accidit
613 3041 643 3104 ei
665 3039 776 3121 aliqua
794 3043 919 3106 fractio.
943 3044 979 3105 In
995 3044 1159 3106 universis
1174 3049 1296 3108 autem-

222 3149 362 3232 reiiquis
377 3153 547 3231 speciebus
564 3153 745 3232 positionis,
762 3169 838 3216 cum
854 3154 1118 3217 circumferentia
1132 3172 1172 3217 aa
1186 3153 1286 3217 fuerit

223 3261 346 3336 maior,
369 3261 488 3324 iterum
511 3263 573 3326 erit
592 3261 858 3327 circumferentia
877 3266 922 3344 pt
942 3265 1063 3338 maior,
1086 3269 1117 3328 et
1138 3265 1201 3328 erit
1222 3265 1285 3327 fra·
1325 3321 1335 3330 .

222 3371 286 3434 ctio
309 3373 393 3435 radii
414 3372 536 3450 maior;
557 3390 701 3455 cumque
724 3375 822 3438 fuerit
835 3375 1099 3439 circumferentia
1114 3394 1154 3439 aa
1172 3377 1282 3439 decem

222 3481 365 3564 partium·
388 3483 427 3547 de
449 3485 636 3562 nonaginta,
659 3485 780 3566 quihus
803 3486 907 3550 divisa
928 3493 977 3548 est
994 3493 1111 3565 quarta
1129 3503 1202 3567 pars
1221 3487 1283 3549 cir-

223 3593 312 3668 culi,
339 3594 401 3656 erit
428 3595 692 3658 circumferentia
712 3598 758 3675 pit
779 3602 852 3660 octo
874 3597 1018 3678 partium
1041 3597 1080 3659 ad
1105 3613 1224 3676 prope,
1254 3603 1285 3659 et

223 3715 300 3768 curn
320 3693 474 3768 fueritne
494 3705 611 3786 viginti
628 3706 782 3785 partium,
799 3708 860 3770 erit
872 3707 918 3786 pit
936 3705 1127 3786 quindecim
1140 3706 1283 3787 partium

223 3821 255 3877 et
281 3815 456 3891 dimidiae;
485 3822 518 3879 et
546 3833 623 3878 cum
652 3817 752 3880 fuerit
772 3836 812 3880 oz
841 3817 992 3898 triginta,
1021 3818 1081 3880 erit
1101 3819 1147 3896 pit
1167 3816 1282 3898 viginti

223 3926 365 3990 duarum
387 3933 419 3989 et
440 3926 608 4005 dimidiae;
632 3935 664 3991 et
686 3945 763 3990 cum
784 3928 883 3992 fuerit
903 3947 943 3992 oa
965 3928 1199 4010 quadraginta,
1223 3927 1284 3992 erit

221 4035 266 4115 pi
286 4037 402 4117 viginti
424 4055 555 4114 novem,
578 4045 610 4101 et
631 4055 707 4102 oum
729 4039 827 4102 fuerit
840 4058 881 4103 aa
903 4041 1147 4122 quinquaginta,
1166 4039 1226 4104 erit
1239 4041 1284 4119 pit

224 4147 356 4230 triginta
377 4149 541 4230 qninque;¹
555 4155 588 4214 et
609 4167 685 4214 cum
705 4150 862 4215 fueritne
882 4151 1057 4232 sexaginta,
1074 4151 1135 4214 erit
1147 4151 1192 4231 pit
1206 4167 1283 4231 qua·

1222 4295 1254 4348 10
