3550 5452
1277 595 1317 660 83

244 705 366 770 ιιίιιι,
380 703 488 768 maior
510 710 572 781 est,
593 706 755 770 maiorem
776 703 876 770 habet
898 705 1106 781 distantiam,
1129 711 1243 787 utpote
1265 723 1319 770 res

241 829 328 896 quae
350 813 616 890 vereaideotur,
642 819 768 896 qu'anto
791 815 997 895 elongantur,
1014 821 1106 878 tanto
1123 816 1320 878 remotiores

203 906 207 914 ’
244 929 403 1005 apparent
421 922 521 998 usui,
543 923 633 1003 quod
651 923 688 989 tlt
704 924 888 987 secundum
909 925 1128 1004 quantitatem
1149 923 1320 1003 augmenti

245 1031 463 1112 longitudinis
485 1032 667 1094 radiorum.
707 1033 745 1094 ln
773 1031 879 1112 planis
902 1039 1012 1098 autem
1034 1031 1200 1114 speculis,
1231 1032 1319 1096 ¹sicut

248 1141 469 1222 exposuimus,
492 1149 650 1221 apparent
672 1142 848 1205 distantiae
870 1140 1191 1221 magnitudinumin
1208 1142 1320 1216 rebus,

244 1267 329 1330 quae
350 1268 428 1332 vere
449 1255 482 1312 et
502 1257 591 1313 recte
609 1250 771 1328 videntur,
788 1250 874 1312 sicut
887 1227 1049 1331 apparent
1061 1251 1097 1312 in
1113 1251 1219 1314 forma
1233 1267 1319 1330 quae

245 1358 373 1424 videtur
398 1366 431 1422 et
457 1359 492 1420 in
514 1357 587 1424 loco
611 1377 689 1436 suo,
712 1367 745 1422 et
771 1358 836 1422 nisi
858 1359 920 1422 hae
943 1359 1211 1433 cruentationes,
1234 1375 1317 1439 quas

246 1468 477 1548 exposuimus,
507 1468 630 1540 luerint
659 1469 871 1541 observatae,
902 1467 1188 1549 nihilrapparebit
1217 1468 1314 1532 nobis

246 1577 280 1641 iu
303 1576 357 1640 his
385 1594 470 1656 quae
491 1583 578 1639 recte
599 1576 749 1640 ridemus
779 1577 888 1641 simile
910 1577 980 1652 eis,
1006 1595 1091 1657 quae
1113 1576 1318 1657 insperatis

245 1693 421 1768 apparent,
455 1686 492 1750 si,
505 1685 608 1750 etiam
631 1685 786 1766 aequales
806 1685 947 1766 angulos
976 1687 1233 1760 succenderent,
1262 1693 1320 1749 aut

245 1813 351 1860 unum
379 1802 412 1859 et
430 1794 579 1868 eundem
599 1794 779 1874 angulum,
807 1795 893 1858 sicut
914 1795 948 1856 in
971 1796 1245 1875 praecedentibus
1268 1795 1322 1858 de·

247 1904 513 1969 monstravimus.
545 1903 793 1968 Constituamus
819 1922 895 1984 ergo
927 1921 1199 1984 unamquamque
1228 1905 1320 1984 posi-

250 2015 398 2088 tionem,
422 2031 642 2094 superquam
670 2032 723 2078 res
749 2021 939 2094 ponuntur,
972 2019 1117 2091 reetam3
1148 2031 1207 2094 per
1234 2013 1321 2076 hanc

246 2124 342 2189 enim
364 2124 565 2204 positionem
582 2122 688 2186 solam
710 2122 868 2203 possibile
892 2129 943 2187 est
964 2123 1028 2186 hoe
1044 2127 1076 2185 et
1090 2122 1125 2184 in
1140 2121 1323 2204 sphaericis

248 2232 391 2314 speculis
413 2251 481 2296 nou
504 2232 628 2296 differri
649 2250 714 2295 nec
732 2232 917 2296 defraudari
940 2232 976 2294 in
998 2231 1100 2300 rcthus¹
1115 2230 1267 2294 ridendis
1290 2239 1323 2296 et
1389 2223 1391 2230 ’

248 2343 362 2406 formis
384 2357 499 2406 earum
524 2343 563 2405 ah
585 2340 738 2421 hisquae
754 2341 906 2404 diximus.
929 2343 991 2406 lies
1006 2358 1139 2421 quoque
1155 2357 1240 2421 quae
1255 2359 1323 2404 non

243 2453 299 2516 »ita
319 2466 355 2514 se
376 2451 516 2525 habant,
537 2469 599 2514 nac
614 2449 719 2515 facilis
742 2456 792 2514 est
813 2450 846 2512 in
871 2451 919 2514 eis
941 2448 1159 2524 ratiocinatio,
1175 2467 1237 2513 nee
1257 2450 1324 2514 exi-

250 2566 342 2626 stunt
371 2559 460 2625 sicut
484 2559 652 2634 diximus,
677 2566 800 2622 rectam
829 2577 907 2622 vero
944 2559 1143 2640 positionem
1175 2559 1320 2622 dicentes

249 2669 536 2745 illamseutimus,
560 2675 598 2732 ut
618 2668 759 2732 risibilis
780 2669 908 2742 radius,
930 2668 988 2749 qui
1010 2669 1098 2732 cadit
1120 2667 1155 2731 in
1173 2668 1322 2732 medium

251 2781 380 2855 lineae,
394 2798 479 2862 quae
501 2778 633 2860 copulat
648 2787 805 2860 utrosque
822 2779 981 2842 terminos
1000 2779 1194 2860 quantitatis
1208 2780 1256 2842 rai
1270 2782 1324 2842 vi-

238 2890 387 2963 dendae,
408 2888 578 2954 contineat
597 2905 680 2968 eum¹
696 2905 735 2950 eo
759 2887 841 2950 duos
863 2887 1002 2968 angulos
1022 2893 1140 2961 rectos,
1157 2887 1259 2951 ethic
1274 2895 1324 2950 est
1386 2943 1389 2950 ,

250 3000 331 3088 situs
360 2999 530 3074 aduersus,
552 2997 609 3079 qui
632 2997 669 3060 tlt
690 2996 874 3060 secuudum
895 2996 1149 3078 oppositionem.
1177 2995 1323 3058 llicimus

248 3114 359 3173 autem
380 3107 560 3174 distantias¹
578 3105 746 3186 aequales,
768 3122 845 3168 cum
864 3123 966 3188 super
984 3104 1131 3166 medium
1146 3103 1321 3175 linearum,

249 3234 332 3298 quae
355 3217 511 3297 copulant
532 3215 692 3279 terminos
711 3212 979 3294 magnitudinum
994 3197 1225 3286 videndarum,
1240 3228 1321 3293 pro·

251 3325 404 3392 sederint·
420 3344 440 3388 a
459 3325 535 3391 ¹visu
556 3324 712 3404 aequales
733 3323 829 3388 radii.

293 3438 369 3500 Esto
390 3433 589 3500 lineamenta
610 3435 673 3514 etp
697 3434 758 3514 (dp.
776 3433 828 3508 25>
853 3434 888 3494 in
911 3431 1010 3512 plano
1026 3429 1324 3512 specularemur

252 3545 295 3608 sit
315 3547 351 3619 d,
373 3543 463 3608 linea
484 3559 574 3626 veto,
596 3561 680 3624 quae
700 3543 835 3623 copulat
855 3541 1013 3621 utrosque
1035 3541 1195 3604 terminos
1213 3539 1261 3604 rei
1277 3541 1325 3602 vi·

251 3653 378 3718 dandae
400 3671 453 3728 ez,
477 3661 509 3718 et
529 3653 650 3716 habeat
667 3654 783 3728 situm,
799 3657 837 3714 ut
850 3669 927 3716 cum
941 3649 1223 3732 perpendicularis
1238 3669 1323 3729 quae

251 3770 303 3826 est
324 3765 383 3837 td,
405 3763 563 3843 producta
575 3762 677 3826 ,luerit
691 3762 733 3826 ad
746 3759 871 3825 lineam
886 3779 942 3839 ap,
961 3759 1084 3822 dividat
1099 3777 1170 3824 eam
1190 3758 1324 3824 induas
1349 3814 1355 3824 .

253 3872 406 3952 aequales
428 3877 546 3952 partes,
570 3871 703 3934 ethaeo
725 3877 774 3934 est
794 3870 915 3950 positio
939 3868 1123 3932 secuudum
1147 3867 1323 3947 oppositio-

251 4000 340 4045 nem.
364 3981 596 4062 Rediugantur
618 3998 749 4062 quoque
772 3978 853 4048 radii
878 3979 1091 4059 procedentes
1110 3977 1151 4038 ad
1166 3976 1322 4056 aequales

252 4091 392 4170 angulos
415 4109 608 4171 superma,
639 4097 674 4151 ut
703 4091 762 4164 dt,
780 4088 836 4162 lar,
851 4091 900 4163 dt,
920 4099 964 4162 ta,
993 4094 1024 4150 et
1051 4085 1283 4166 protrahantur
1306 4105 1324 4147 a
