3550 5452
244 725 344 798 dendi
364 731 398 790 et
419 724 628 790 discernendi
651 723 858 788 diversitates
880 723 1107 796 subiectorum
1127 723 1321 807 figurarum,

246 837 559 918 quomodocumque
575 834 700 916 poeitae
715 836 852 900 inerint.
865 836 955 900 Fecit
965 839 1079 900 autem
1091 835 1156 902 hoc
1167 835 1323 904 velociter

246 947 319 1012 sine
339 945 570 1011 tarditate'eut
592 944 852 1020 intermissione,
875 951 908 1010 et
922 945 1031 1009 utitur
1052 945 1204 1026 diligenti
1224 947 1323 1012 ratio·

246 1058 413 1122 cinctione
428 1074 506 1120 cum
519 1055 664 1120 mirabili
678 1055 798 1120 virtute
815 1055 884 1120 fere
901 1053 1100 1130 incredibili,
1112 1063 1145 1120 et
1159 1057 1225 1136 agit
1239 1056 1323 1122 haec

246 1165 487 1232 insensibiliter
500 1171 634 1274 propter
648 1164 851 1230 celeritatem
868 1181 975 1230 suam.
989 1166 1082 1240 Quod
1096 1166 1256 1248 possibile
1273 1174 1323 1232 eet

245 1276 340 1342 nobis
357 1274 540 1356 intelligere
554 1273 741 1356 specialiter
755 1274 791 1338 in
806 1275 915 1350 rebus,
932 1292 1016 1356 quae
1031 1275 1147 1340 lumen
1162 1282 1321 1358 penetrat,

246 1404 323 1450 cum
355 1388 396 1452 de
429 1387 522 1450 radio
554 1385 693 1450 luminis
726 1385 1043 1467 quomodocumque
1065 1384 1243 1452 incidentis
1266 1387 1323 1452 flat

246 1497 352 1574 flexio,
372 1503 408 1562 et
427 1495 534 1560 multa
555 1496 596 1560 de
617 1495 861 1560 diversitatibus
881 1493 1061 1576 figurarum
1077 1496 1177 1562 iaciat
1197 1496 1234 1560 in
1256 1496 1320 1574 bis,

246 1625 332 1689 quae
354 1606 540 1689 propinqua
554 1613 634 1668 eunt
647 1605 706 1669 eis.
728 1603 821 1679 Quod
841 1605 953 1669 statim
969 1605 1171 1688 percipimus
1185 1614 1321 1690 propter

245 1717 466 1782 mutationem
487 1717 670 1798 figurarum
691 1714 728 1778 in
750 1715 861 1791 rebus,
883 1731 967 1795 quos
982 1715 1098 1782 lumen
1112 1722 1271 1798 penetrat,
1288 1725 1323 1782 et

246 1827 494 1892 translationem
517 1826 669 1892 locorum
690 1842 842 1894 tuorum.
866 1825 903 1888 ln
927 1825 1046 1890 umbro
1068 1825 1168 1892 etiam
1190 1834 1225 1892 ct
1244 1825 1320 1894 luce

244 1937 399 2002 similiter
420 1937 502 2018 egit,
525 1945 559 2002 et
578 1937 644 2002 boo
661 1937 812 2000 ordinate
834 1944 867 2001 et
883 1935 1038 2001 decenter
1055 1937 1241 2004 secundum
1256 1957 1319 2020 po-

245 2049 402 2112 sitionem
413 2056 446 2112 et
456 2053 585 2128 partem
602 2045 707 2122 illam,
719 2046 761 2110 ad
774 2064 875 2127 quam
885 2046 1040 2110 declinat.
1054 2047 1227 2113 Sufficiant
1240 2067 1319 2130 ergo

246 2176 333 2238 quoe
348 2159 427 2223 inde
442 2158 621 2222 dictasunt
635 2157 744 2232 nobis,
759 2156 921 2238 quoniam
934 2155 1038 2222 series
1055 2158 1232 2224 verborum
1247 2177 1320 2240 pcr-

245 2269 336 2334 duxit
355 2286 418 2332 noe
448 2269 491 2332 ed
522 2268 746 2350 eprnendem
774 2265 962 2332 naturalem
983 2267 1184 2334 creationem
1204 2269 1319 2345 visus,

245 2395 345 2460 quam
367 2377 460 2442 nulla
480 2377 614 2443 fallacia
633 2377 687 2442 vel
707 2376 909 2458 negligentia
929 2379 1155 2460 consequitur.
1250 2409 1255 2420 ·

286 2489 440 2552 Dicamus
461 2505 538 2568 ergo
561 2488 602 2552 de
622 2494 733 2564 motu,
751 2485 895 2567 qualiter
911 2487 1002 2552 visus
1017 2489 1187 2568 cognoscit
1201 2507 1319 2554 unam·
1441 2561 1445 2568 ,

246 2616 414 2680 quamque
428 2598 615 2679 specierum
638 2597 721 2674 elus,
740 2603 778 2662 ut
798 2595 894 2660 illam
917 2613 1002 2679 quae
1025 2604 1076 2662 eet
1095 2598 1133 2662 iu
1155 2599 1319 2680 magnitu-

246 2709 340 2784 dine,
364 2715 397 2773 et
417 2713 555 2772 vocatur
575 2714 792 2788 augmentum
817 2713 852 2772 et
871 2706 1033 2783 minutio,
1057 2706 1210 2804 etillam
1233 2726 1320 2790 quae

245 2818 283 2882 in
304 2817 419 2898 liguris
441 2823 474 2882 et
495 2818 674 2894 coloribus,
696 2823 730 2882 et
750 2823 799 2882 est
819 2819 958 2882 mutatio
977 2835 1094 2882 eorum
1109 2819 1157 2883 eie
1171 2819 1319 2900 propria,

246 2937 280 2994 et
300 2928 393 2992 illam
415 2946 500 3008 quae
522 2929 558 2992 in
579 2927 793 3009 corporibus,
816 2935 849 2992 et
869 2935 919 2992 est
938 2926 1122 2993 translatio.
1144 2929 1222 2993 Post
1236 2929 1320 2994 hoec

245 3055 323 3103 vero
347 3038 501 3119 sequitur
528 3037 664 3102 habitus
686 3036 727 3100 de
749 3035 1036 3114 dubitationibus,
1058 3053 1143 3118 quae
1163 3037 1321 3102 accidunt

246 3149 331 3212 tnui
353 3149 389 3210 in
412 3146 554 3228 singulis
576 3147 675 3212 rebus
696 3146 860 3212 videndis.

287 3258 398 3322 Primo
412 3258 548 3338 quidem
564 3257 706 3322 dicimus
720 3256 811 3337 quod
824 3256 951 3337 species
965 3261 1075 3322 motus
1086 3256 1319 3323 universarum

245 3385 369 3444 rerum,
382 3373 515 3449 excepto
529 3375 625 3433 motu
635 3365 874 3442 translationis,
887 3373 938 3431 est
952 3365 1109 3449 simplex;
1120 3366 1206 3432 illud
1215 3369 1318 3445 enim,

246 3497 306 3560 per
333 3480 424 3560 qued
452 3479 545 3544 meus
566 3477 736 3558 cognoscit
756 3477 878 3558 figures
901 3483 933 3542 et
954 3477 1082 3544 colores
1105 3487 1138 3544 et
1158 3497 1319 3561 corpora,

245 3590 354 3672 passio
383 3597 449 3666 est,
471 3605 555 3669 quae
576 3589 613 3652 in
635 3605 675 3653 eo
697 3588 745 3665 tlt,
761 3595 794 3653 et
808 3588 972 3666 condens,
988 3589 1079 3671 qood
1092 3590 1157 3672 ipsi
1171 3590 1318 3670 passioni

245 3700 381 3778 accidit3
403 3707 482 3764 tunc
504 3699 593 3765 enim
615 3699 715 3764 sentit
736 3717 786 3775 ea,
808 3706 842 3764 et
862 3697 1017 3780 intelligit
1031 3701 1251 3766 mutationem
1266 3719 1319 3766 eo-

245 3831 342 3888 rum,
364 3812 498 3892 quando
520 3811 672 3876 sensibili
694 3811 879 3876 mutatione
899 3812 936 3876 in
958 3812 1088 3878 minori.
1108 3812 1319 3878 sensibilium

245 3929 433 4004 temporum
447 3928 630 4001 mutantur,
646 3929 685 3986 ut
700 3929 926 4001 angmentum,
943 3923 1033 4005 quod
1047 3922 1249 4000 sentiacam
1264 3940 1321 3986 on·

244 4032 353 4114 gulus,
376 4034 434 4115 qui
456 4051 559 4098 unam
573 4042 606 4098 et
620 4035 762 4098 eandem
779 4033 1054 4114 magnitudinem,
1071 4051 1177 4098 unum
1192 4040 1227 4100 et
1240 4051 1320 4098 eun·

245 4144 322 4210 dem
344 4149 468 4210 sutum
489 4145 668 4210 habentem
688 4143 847 4222 conduct,
868 4145 971 4212 luerit
991 4145 1097 4212 maior
1119 4161 1221 4227 quam
1242 4145 1320 4210 exti-
1387 4209 1394 4225 ,

1150 4329 1154 4334 -
1270 4291 1289 4343 3
