3512 5456
811 801 816 807 .
863 715 1173 800 snmeounrus

819 969 864 1042 Dr
888 961 1007 1064 Optica'r
1035 969 1217 1042 ibolomuoi.

525 1278 606 1344 Cum
629 1279 669 1341 de
692 1295 731 1340 eo
745 1278 853 1358 ‚quod'
866 1276 985 1344 accidit
1006 1278 1039 1339 in
1063 1276 1280 1342 fractionibns
1301 1277 1442 1342 visibilis
1458 1279 1554 1352 redii,

484 1389 575 1454 eliud
596 1389 733 1470 quidem
754 1395 804 1452 est
825 1388 1007 1452 seeundum
1029 1388 1307 1463 adversationem,
1330 1395 1363 1451 et
1384 1389 1422 1452 fit
1443 1407 1483 1453 ex
1505 1407 1554 1452 re·

483 1501 709 1564 verberatione
730 1500 890 1564 existente
905 1517 924 1562 a
939 1499 1039 1562 rebus
1060 1517 1145 1580 quae
1168 1499 1346 1580 prohibent
1360 1500 1554 1582 penetratio·

484 1629 575 1687 nem,
591 1618 625 1674 et
639 1611 852 1674 continentur
866 1611 929 1672 sub
944 1611 1080 1674 nomine
1099 1609 1321 1691 speculorum,
1337 1610 1428 1674 aliud
1443 1618 1555 1674 autern

484 1722 595 1786 existit
623 1723 807 1786 secundum
835 1721 1118 1802 penetrationem,
1148 1728 1181 1785 et
1209 1721 1247 1782 iit
1269 1740 1308 1785 ex
1328 1721 1469 1786 flexione
1491 1721 1556 1786 exi·

484 1839 591 1898 stante
610 1834 645 1895 in
668 1832 788 1905 rebus,
815 1847 901 1912 quae
923 1851 990 1895 non
1013 1831 1193 1912 prohibent
1213 1833 1495 1912 penetrationem,
1522 1837 1555 1896 et

485 1943 658 2007 subiacent
681 1943 740 2005 uni
762 1941 908 2018 nomini,
931 1941 1084 2006 videlicet
1106 1940 1195 2023 quod
1217 1949 1366 2020 penetrat
1387 1943 1487 2004 visus.

528 2055 565 2117 In
593 2052 866 2134 praecedentibus
894 2067 1027 2132 quoque
1049 2053 1258 2116 sermonibus
1281 2053 1493 2134 exposuimus
1515 2071 1556 2116 ee

486 2179 572 2245 quae
600 2164 641 2231 de
670 2161 832 2244 speculis,
861 2169 893 2226 et
922 2161 1157 2242 explicavimus
1180 2162 1280 2236 inde,
1311 2171 1476 2243 quantum
1497 2181 1555 2244 per

485 2274 570 2338 illud
590 2273 747 2356 possibile
770 2274 813 2336 sit
834 2273 1070 2349 demonstrari,
1090 2273 1293 2336 diversitates
1307 2273 1490 2336 formarum
1508 2291 1556 2338 re·

485 2401 559 2448 rum
572 2383 790 2448 videndarum
802 2385 987 2448 secundum
997 2391 1182 2464 praetaxata
1193 2383 1355 2464 principia
1366 2384 1400 2454 in
1413 2385 1552 2449 scientia

485 2497 690 2577 optioorum,
712 2501 744 2558 et
765 2495 846 2574 quid
867 2495 984 2558 accidit
1012 2495 1127 2558 exinde
1155 2494 1338 2575 unicuique
1365 2512 1477 2556 rerum
1505 2497 1551 2556 vi-

487 2605 679 2670 dendarum.
700 2607 812 2670 Restat
833 2606 928 2668 nobis
948 2605 1004 2668 hic
1025 2605 1209 2669 discernere
1225 2606 1258 2668 id
1274 2605 1365 2686 quod
1378 2605 1497 2668 accidit
1513 2607 1553 2668 de

486 2717 727 2780 diversitatibus
748 2733 882 2793 earum,
909 2733 986 2778 cum
1010 2717 1168 2796 aspicitur
1189 2715 1230 2778 ad
1252 2733 1309 2781 ess
1330 2733 1389 2796 per
1410 2733 1448 2778 ea
1471 2733 1554 2797 quae

485 2829 577 2892 visus
598 2833 756 2910 penetrat.

529 2938 622 3014 Quod
649 2939 783 3020 quidem
811 2937 894 3002 haec
923 2939 1048 3019 species
1077 2938 1276 3002 fractionum
1303 2937 1446 3000 visibilis
1472 2937 1557 3000 radii

487 3069 555 3114 non
584 3050 672 3114 cadit
699 3050 735 3112 in
764 3049 927 3113 universis
955 3049 1151 3112 humoribus
1181 3053 1214 3110 et
1242 3049 1339 3112 rebus
1362 3047 1557 3122 subtilibus,

486 3162 543 3226 sed
571 3161 659 3226 cadit
687 3161 764 3224 inde
791 3160 828 3222 in
857 3177 1059 3241 unaquaque
1088 3177 1203 3222 earum
1229 3159 1343 3242 aliqua
1363 3160 1554 3240 quantitas,

486 3287 562 3335 cum
590 3289 658 3352 que
684 3279 833 3337 remanet
860 3271 988 3352 aliquid
1017 3252 1127 3334 'simile
1156 3271 1205 3336 rei
1227 3267 1463 3350 qualicumque
1486 3272 1555 3335 exi·

485 3383 605 3458 stanti,
632 3390 671 3446 ut
699 3383 800 3464 possit
833 3390 1005 3462 penetrare
1028 3389 1178 3457 tantum;
1207 3387 1240 3445 et
1261 3382 1350 3461 quud
1371 3381 1556 3445 secundum

485 3493 718 3560 rectitudinem
740 3493 907 3583 procedit,
934 3511 991 3574 per
1012 3492 1189 3556 fractiones
1210 3493 1379 3556 radiorum
1401 3493 1472 3554 sine
1495 3492 1556 3554 im-

486 3602 586 3684 pulsu
614 3609 743 3668 tantum
771 3603 806 3664 in
834 3603 1076 3683 superficiebus
1100 3603 1397 3666 determineutibus
1420 3601 1556 3666 dirersi-

486 3720 570 3778 tates
589 3713 771 3777 humorum
792 3714 827 3776 in
850 3712 1065 3778 subsistentia
1088 3731 1170 3790 sua;
1200 3719 1232 3776 et
1259 3712 1347 3794 quod
1370 3711 1465 3776 tlexio
1488 3731 1554 3774 non

487 3825 524 3886 flt
545 3825 580 3888 in
603 3823 817 3888 translatione
841 3825 974 3888 erebus
992 3823 1226 3888 subtilioribus
1242 3830 1274 3888 et
1289 3823 1499 3887 tenuioribus
1514 3823 1556 3885 ed

488 3936 670 4016 grossiores
689 3941 839 4010 tantum,
861 3936 947 3998 sicut
961 3935 1036 3998 flt
1027 3955 1063 3997 m
1084 3934 1420 4008 reverberationibus,
1443 3951 1556 3997 verum

486 4048 586 4111 etiem
613 4047 648 4109 in
680 4045 892 4110 translatione
922 4065 942 4109 a
963 4065 1119 4126 grossrcrr
1142 4063 1178 4109 re
1201 4046 1242 4108 ad
1264 4045 1494 4121 subtiliorem,
1524 4051 1557 4107 et

486 4158 575 4241 quod
597 4157 692 4222 nulla
713 4158 778 4222 lit
769 4177 805 4222 111
827 4158 875 4222 eis
893 4156 988 4222 ilexio
1005 4158 1046 4221 ed
1061 4156 1217 4242 aequales
1239 4155 1396 4237 angulos,
1420 4156 1477 4222 sed
1498 4155 1556 4220 he·
