3512 5456
434 595 495 662 tau

433 709 563 792 punctis
581 719 606 788 t,
622 710 649 774 tr.
673 712 790 778 Forma
810 729 922 792 urges
943 713 1006 776 erit
1020 729 1120 793 penes
1136 716 1296 793 punctum
1310 723 1337 786 t,
1352 720 1384 776 et
1398 713 1506 778 forma

434 823 577 903 apenos
598 829 758 904 punctum
780 822 812 899 tr,
835 829 868 887 et
890 829 990 887 erunt
1009 820 1097 900 loca,
1119 824 1154 886 in
1177 822 1297 904 quibus
1319 823 1505 888 sentiuntur

434 931 573 1008 formae,
594 933 629 997 in
653 933 801 1015 partibus
825 932 909 1008 illis,
933 934 968 997 in
991 934 1111 1014 quibus
1133 933 1322 998 sentiuntur
1343 951 1418 998 vere
1441 952 1503 998 res.

434 1043 661 1108 Transferatur
681 1045 826 1124 itaquett
848 1045 889 1107 ad
906 1046 932 1119 t,
955 1051 987 1108 et
1008 1043 1204 1124 refringatur
1226 1045 1267 1107 ad
1289 1062 1367 1108 eum
1390 1044 1431 1106 ad
1454 1064 1504 1108 ae·

435 1153 548 1235 qualem
577 1153 715 1236 augtdos
735 1157 813 1230 etet,
842 1161 874 1218 et
895 1155 1101 1234 protrahatur
1121 1157 1213 1230 dtm,
1241 1161 1273 1218 et
1294 1154 1449 1236 iungatur
1469 1177 1505 1234 eo

433 1267 611 1347 productae
642 1265 678 1328 in
711 1271 832 1348 puncto
853 1284 895 1328 m.
929 1266 996 1328 Erit
1018 1283 1094 1345 ergo
1117 1265 1276 1330 translata
1295 1267 1401 1330 forma
1423 1268 1443 1330 d
1463 1269 1504 1330 ad

434 1382 593 1458 punctum
607 1393 654 1452 m,
677 1376 735 1457 qui
757 1374 862 1440 estin
885 1375 943 1440 illa
964 1382 1065 1458 parte,
1089 1377 1131 1439 ad
1153 1394 1252 1457 quam
1276 1375 1434 1442 translata
1455 1386 1505 1446 est

435 1505 489 1553 res
509 1505 595 1552 vera.

477 1600 601 1665 Rursus
616 1599 646 1663 si
657 1600 688 1674 d,
701 1601 722 1675 l,
737 1599 794 1684 qui
807 1605 885 1664 eunt
896 1617 948 1666 res
960 1601 1130 1676 videndae,
1142 1599 1266 1664 fuerint
1276 1617 1376 1682 super
1387 1601 1505 1677 visum,

435 1709 562 1776 formae
589 1711 704 1792 utique
727 1711 762 1788 tr,
783 1731 815 1774 m
844 1719 940 1776 erunt
968 1729 1068 1794 super
1088 1713 1219 1787 visum,
1249 1720 1282 1776 et
1302 1712 1506 1793 apparebunt

435 1840 535 1903 supra
557 1822 831 1904 magnitudinem.
854 1825 976 1888 Rerum
999 1824 1104 1897 enim,
1126 1841 1267 1904 querum
1288 1824 1388 1888 facies
1409 1842 1504 1888 verae

435 1941 514 2000 sunt
535 1934 703 2015 oppositae
726 1935 920 2016 aspicienti,
943 1935 1159 2000 sublimitates
1182 1935 1506 2016 comprehenduntur

434 2063 494 2128 per
522 2046 632 2110 radios
660 2045 830 2111 sublimes.
865 2047 899 2110 Si
927 2065 1004 2110 vero
1033 2045 1327 2110 existimaverimus
1349 2049 1371 2110 ir
1396 2053 1429 2110 et
1453 2051 1505 2111 ta

436 2155 556 2220 dextris
584 2156 695 2231 visus,
725 2157 843 2220 accidit
871 2135 949 2220 esse
971 2157 1094 2220 formas
1117 2173 1253 2229 eorum,
1282 2174 1366 2237 quse
1389 2137 1506 2220 sunta

436 2273 468 2330 et
489 2285 534 2340 m,
556 2284 576 2328 a
597 2266 717 2330 dextris
740 2267 881 2342 nostris,
911 2267 969 2330 sed
991 2286 1057 2331 non
1080 2273 1238 2348 putantur
1259 2285 1331 2330 esse
1355 2268 1504 2345 dextrae,

437 2377 596 2458 quoniam
617 2377 652 2440 id
674 2378 763 2457 quod
785 2379 825 2442 de
848 2377 950 2442 radiis
971 2377 1101 2454 dextris,
1116 2377 1173 2458 qui
1191 2379 1313 2442 cadunt
1329 2395 1428 2459 super
1443 2379 1506 2444 ior·

436 2505 526 2552 mam
536 2505 632 2553 verae
645 2487 695 2552 rei
708 2489 875 2571 oppositae
890 2488 986 2554 faciei
1000 2497 1131 2553 nostrae
1147 2497 1179 2552 et
1196 2495 1330 2570 apparet
1343 2491 1379 2554 in
1395 2491 1505 2554 dextra

435 2606 525 2681 parte
547 2606 669 2692 nostra,
692 2606 741 2662 est
754 2618 774 2662 a
788 2599 923 2664 sinistra
944 2608 1035 2681 parte
1054 2602 1249 2675 formarum,
1268 2607 1300 2664 et
1317 2619 1376 2682 per
1394 2602 1504 2668 radios

436 2693 566 2775 dextros
580 2709 871 2792 comprehenditur
885 2711 1056 2775 sinistrum
1072 2710 1158 2776 latus
1175 2712 1223 2774 rei
1242 2711 1413 2787 videndae,
1428 2731 1504 2776 curn

434 2821 630 2886 fueritinter
640 2821 810 2903 speculum
822 2829 854 2887 et
865 2823 1080 2903 aspicientem
1092 2822 1241 2904 opposite
1252 2822 1350 2887 faciei
1362 2829 1505 2898 nostrae,

438 2943 470 2996 et
491 2939 578 2997 recte
602 2932 773 3015 aspicitur3
796 2933 911 2998 sedin
933 2934 1196 3003 reverberatione
1215 2934 1506 3015 comprehenditur

436 3046 586 3108 dextrum
605 3039 707 3120 latus,
730 3051 762 3108 et
782 3045 883 3108 facies
904 3045 1088 3108 formarum
1111 3052 1188 3108 sunt
1200 3037 1301 3110 'nohis
1319 3047 1500 3127 oppositae.

436 3157 572 3220 Formae
595 3175 670 3236 ergo
695 3175 778 3237 quae
801 3163 879 3223 sunt
901 3157 1052 3231 dextrae,
1075 3157 1303 3222 existimantur
1324 3175 1396 3222 esse
1424 3158 1504 3221 sini·

437 3272 523 3332 strae
546 3274 679 3349 propter
700 3268 989 3343 consuetudinem,
1012 3285 1112 3349 quam
1133 3268 1221 3331 visus
1244 3267 1369 3332 solitus·
1380 3276 1429 3334 est
1445 3269 1504 3332 ha·

436 3379 515 3442 here
537 3377 572 3440 in
595 3379 769 3459 positione.
833 3462 837 3469 Ι

418 3533 422 3538 -
481 3490 518 3552 In
548 3489 699 3552 concavis
730 3490 871 3572 speculis
903 3508 980 3554 eum
1010 3491 1116 3555 forma
1141 3491 1190 3556 rei
1219 3491 1380 3554 videndae
1409 3491 1507 3556 fuerit

438 3601 525 3664 inter
546 3599 718 3681 speculum
740 3603 1026 3684 stupidorum,
1049 3601 1189 3664 sentitur
1210 3600 1245 3663 in
1269 3601 1395 3666 diversa
1416 3607 1505 3684 parte

438 3713 538 3790 ipram
560 3710 631 3785 illa,
653 3711 687 3773 in
712 3729 777 3792 que
798 3719 847 3776 est
870 3731 922 3776 ree
944 3732 1024 3777 vera
1044 3713 1196 3786 videnda,
1215 3718 1248 3775 et
1265 3730 1341 3776 eum
1358 3731 1411 3777 res
1427 3731 1506 3776 vera

380 3901 382 3906 ,
438 3820 537 3885 fuerit
559 3821 716 3886 translata
730 3825 770 3886 ad
786 3824 930 3905 aliquem
948 3825 1105 3906 partium,
1129 3831 1263 3906 apparet
1280 3825 1387 3887 torma
1400 3831 1505 3887 trans·

439 3930 506 3995 lata
527 3933 568 3996 ad
590 3933 753 4025 diyersam
773 3933 826 3997 iili
848 3943 983 4016 partem.
1008 3939 1080 4000 Esto
1104 3936 1206 3999 sectio
1229 3933 1343 3998 circuli
1370 3935 1405 3996 in
1428 3951 1505 4010 con·

440 4059 527 4106 cavo
542 4044 675 4125 speculo
696 4045 760 4125 obe
777 4046 839 4125 (fle.
857 4047 928 4121 73),
951 4045 1044 4110 cuius
1067 4055 1218 4110 centrum
1234 4049 1269 4120 d,
1290 4045 1380 4108 visus
1396 4051 1505 4109 autem

441 4158 484 4218 sit
494 4171 522 4228 a,
538 4161 570 4218 et
585 4173 622 4220 ex
637 4155 1002 4240 lateribusespicientis
1017 4159 1084 4222 sint
1099 4159 1182 4224 duae
1198 4178 1249 4224 res
1264 4158 1424 4224 videndae
1434 4176 1462 4233 z,
1475 4157 1506 4229 tt,
