<?xml version="1.0" encoding="UTF-8"?>
<!DOCTYPE html PUBLIC "-//W3C//DTD XHTML 1.0 Transitional//EN"
    "http://www.w3.org/TR/xhtml1/DTD/xhtml1-transitional.dtd">
<html xmlns="http://www.w3.org/1999/xhtml" xml:lang="en" lang="en">
 <head>
  <title>
</title>
<meta http-equiv="Content-Type" content="text/html;charset=utf-8" />
  <meta name='ocr-system' content='tesseract 3.04.00' />
  <meta name='ocr-capabilities' content='ocr_page ocr_carea ocr_par ocr_line ocrx_word'/>
</head>
<body>
  <div class='ocr_page' id='page_1' title='image "./lotticadiclaudi01eugegoog_0123.png"; bbox 0 0 3550 5452; ppageno 0'>
   <div class='ocr_carea' id='block_1_1' title="bbox 398 568 1573 4155">
    <p class='ocr_par' dir='ltr' id='par_1_1' title="bbox 398 568 1573 4155">
     <span class='ocr_line' id='line_1_1' title="bbox 426 568 576 630; baseline 0 0"><span class='ocrx_word' id='word_1_1' title='bbox 426 568 464 630; x_wconf 81' lang='grc'>64</span> <span class='ocrx_word' id='word_1_2' title='bbox 570 591 576 602; x_wconf 92' lang='grc'><strong><em>·</em></strong></span> 
     </span>
     <span class='ocr_line' id='line_1_2' title="bbox 425 675 1504 756; baseline 0 -15"><span class='ocrx_word' id='word_1_3' title='bbox 425 685 458 741; x_wconf 88' lang='lat' dir='ltr'>et</span> <span class='ocrx_word' id='word_1_4' title='bbox 479 676 685 740; x_wconf 85' lang='lat' dir='ltr'>movebimus</span> <span class='ocrx_word' id='word_1_5' title='bbox 710 693 782 738; x_wconf 90' lang='lat' dir='ltr'>eam</span> <span class='ocrx_word' id='word_1_6' title='bbox 805 685 981 754; x_wconf 80' lang='lat' dir='ltr'>quousque</span> <span class='ocrx_word' id='word_1_7' title='bbox 997 676 1167 756; x_wconf 88' lang='lat' dir='ltr'>apparebit</span> <span class='ocrx_word' id='word_1_8' title='bbox 1183 675 1279 739; x_wconf 88' lang='lat' dir='ltr'>nobis</span> <span class='ocrx_word' id='word_1_9' title='bbox 1295 695 1315 740; x_wconf 91' lang='lat' dir='ltr'>a</span> <span class='ocrx_word' id='word_1_10' title='bbox 1330 685 1453 756; x_wconf 85' lang='lat' dir='ltr'>puncto</span> <span class='ocrx_word' id='word_1_11' title='bbox 1471 698 1504 754; x_wconf 71' lang='lat' dir='ltr'>a,</span> 
     </span>
     <span class='ocr_line' id='line_1_3' title="bbox 425 785 1502 867; baseline 0 -17"><span class='ocrx_word' id='word_1_12' title='bbox 425 788 517 866; x_wconf 92' lang='lat' dir='ltr'>quod</span> <span class='ocrx_word' id='word_1_13' title='bbox 532 787 580 850; x_wconf 82' lang='lat' dir='ltr'>eit</span> <span class='ocrx_word' id='word_1_14' title='bbox 602 785 752 866; x_wconf 90' lang='lat' dir='ltr'>opposita</span> <span class='ocrx_word' id='word_1_15' title='bbox 774 786 877 860; x_wconf 81' lang='lat' dir='ltr'>visui,</span> <span class='ocrx_word' id='word_1_16' title='bbox 900 792 981 847; x_wconf 89' lang='lat' dir='ltr'>tunc</span> <span class='ocrx_word' id='word_1_17' title='bbox 996 785 1203 866; x_wconf 86' lang='lat' dir='ltr'>apparebunt</span> <span class='ocrx_word' id='word_1_18' title='bbox 1219 785 1315 849; x_wconf 85' lang='lat' dir='ltr'>nobis</span> <span class='ocrx_word' id='word_1_19' title='bbox 1331 793 1475 867; x_wconf 89' lang='lat' dir='ltr'>punctns</span> <span class='ocrx_word' id='word_1_20' title='bbox 1491 791 1502 850; x_wconf 86' lang='lat' dir='ltr'>l</span> 
     </span>
     <span class='ocr_line' id='line_1_4' title="bbox 425 875 1504 977; baseline 0.001 -18"><span class='ocrx_word' id='word_1_21' title='bbox 425 903 458 959; x_wconf 86' lang='lat' dir='ltr'>et</span> <span class='ocrx_word' id='word_1_22' title='bbox 485 903 628 977; x_wconf 87' lang='lat' dir='ltr'>punctus</span> <span class='ocrx_word' id='word_1_23' title='bbox 655 917 688 969; x_wconf 85' lang='lat' dir='ltr'>a,</span> <span class='ocrx_word' id='word_1_24' title='bbox 717 875 750 960; x_wconf 83' lang='lat' dir='ltr'>et</span> <span class='ocrx_word' id='word_1_25' title='bbox 777 895 886 958; x_wconf 83' lang='lat' dir='ltr'>forma</span> <span class='ocrx_word' id='word_1_26' title='bbox 915 912 999 974; x_wconf 89' lang='lat' dir='ltr'>quae</span> <span class='ocrx_word' id='word_1_27' title='bbox 1021 896 1056 958; x_wconf 91' lang='lat' dir='ltr'>in</span> <span class='ocrx_word' id='word_1_28' title='bbox 1080 896 1182 958; x_wconf 86' lang='lat' dir='ltr'>tribus</span> <span class='ocrx_word' id='word_1_29' title='bbox 1204 894 1349 976; x_wconf 79' lang='lat' dir='ltr'>speculis</span> <span class='ocrx_word' id='word_1_30' title='bbox 1371 895 1504 960; x_wconf 87' lang='lat' dir='ltr'>videtur</span> 
     </span>
     <span class='ocr_line' id='line_1_5' title="bbox 425 1004 1503 1086; baseline 0.002 -18"><span class='ocrx_word' id='word_1_31' title='bbox 425 1024 525 1086; x_wconf 90' lang='lat' dir='ltr'>super</span> <span class='ocrx_word' id='word_1_32' title='bbox 545 1023 649 1069; x_wconf 89' lang='lat' dir='ltr'>unam</span> <span class='ocrx_word' id='word_1_33' title='bbox 670 1005 804 1069; x_wconf 86' lang='lat' dir='ltr'>lineam.</span> <span class='ocrx_word' id='word_1_34' title='bbox 827 1005 863 1068; x_wconf 84' lang='lat' dir='ltr'>Si</span> <span class='ocrx_word' id='word_1_35' title='bbox 878 1022 954 1084; x_wconf 83' lang='lat' dir='ltr'>ergo</span> <span class='ocrx_word' id='word_1_36' title='bbox 971 1004 1212 1084; x_wconf 81' lang='lat' dir='ltr'>signaverimus</span> <span class='ocrx_word' id='word_1_37' title='bbox 1226 1005 1350 1080; x_wconf 90' lang='lat' dir='ltr'>locum,</span> <span class='ocrx_word' id='word_1_38' title='bbox 1366 1023 1434 1084; x_wconf 90' lang='lat' dir='ltr'>quo</span> <span class='ocrx_word' id='word_1_39' title='bbox 1448 1025 1503 1070; x_wconf 84' lang='lat' dir='ltr'>res</span> 
     </span>
     <span class='ocr_line' id='line_1_6' title="bbox 424 1113 1502 1197; baseline 0.002 -21"><span class='ocrx_word' id='word_1_40' title='bbox 424 1116 559 1178; x_wconf 88' lang='lat' dir='ltr'>inventa</span> <span class='ocrx_word' id='word_1_41' title='bbox 578 1115 689 1187; x_wconf 79' lang='lat' dir='ltr'>fuerit,</span> <span class='ocrx_word' id='word_1_42' title='bbox 710 1116 747 1176; x_wconf 91' lang='lat' dir='ltr'>in</span> <span class='ocrx_word' id='word_1_43' title='bbox 770 1113 944 1194; x_wconf 84' lang='lat' dir='ltr'>superficie</span> <span class='ocrx_word' id='word_1_44' title='bbox 966 1113 1116 1194; x_wconf 76' lang='lat' dir='ltr'>plancae,</span> <span class='ocrx_word' id='word_1_45' title='bbox 1134 1113 1291 1178; x_wconf 87' lang='lat' dir='ltr'>videlicet</span> <span class='ocrx_word' id='word_1_46' title='bbox 1305 1116 1346 1178; x_wconf 89' lang='lat' dir='ltr'>de</span> <span class='ocrx_word' id='word_1_47' title='bbox 1362 1133 1428 1194; x_wconf 88' lang='lat' dir='ltr'>quo</span> <span class='ocrx_word' id='word_1_48' title='bbox 1445 1133 1502 1197; x_wconf 87' lang='lat' dir='ltr'>ap·</span> 
     </span>
     <span class='ocr_line' id='line_1_7' title="bbox 426 1223 1503 1305; baseline -0.002 -17"><span class='ocrx_word' id='word_1_49' title='bbox 426 1231 522 1305; x_wconf 85' lang='lat' dir='ltr'>paret</span> <span class='ocrx_word' id='word_1_50' title='bbox 544 1225 651 1288; x_wconf 88' lang='lat' dir='ltr'>forma</span> <span class='ocrx_word' id='word_1_51' title='bbox 672 1226 721 1288; x_wconf 90' lang='lat' dir='ltr'>rei</span> <span class='ocrx_word' id='word_1_52' title='bbox 742 1225 779 1286; x_wconf 91' lang='lat' dir='ltr'>in</span> <span class='ocrx_word' id='word_1_53' title='bbox 801 1225 884 1304; x_wconf 89' lang='lat' dir='ltr'>ipsis</span> <span class='ocrx_word' id='word_1_54' title='bbox 901 1223 1056 1304; x_wconf 81' lang='lat' dir='ltr'>speculis,</span> <span class='ocrx_word' id='word_1_55' title='bbox 1071 1232 1110 1287; x_wconf 90' lang='lat' dir='ltr'>ut</span> <span class='ocrx_word' id='word_1_56' title='bbox 1124 1223 1184 1286; x_wconf 90' lang='lat' dir='ltr'>illa</span> <span class='ocrx_word' id='word_1_57' title='bbox 1199 1242 1284 1304; x_wconf 88' lang='lat' dir='ltr'>quae</span> <span class='ocrx_word' id='word_1_58' title='bbox 1300 1231 1351 1288; x_wconf 88' lang='lat' dir='ltr'>est</span> <span class='ocrx_word' id='word_1_59' title='bbox 1364 1227 1406 1288; x_wconf 86' lang='lat' dir='ltr'>ad</span> <span class='ocrx_word' id='word_1_60' title='bbox 1419 1235 1503 1304; x_wconf 90' lang='lat' dir='ltr'>pun·</span> 
     </span>
     <span class='ocr_line' id='line_1_8' title="bbox 426 1333 1502 1414; baseline 0 -18"><span class='ocrx_word' id='word_1_61' title='bbox 426 1341 516 1398; x_wconf 87' lang='lat' dir='ltr'>ctum</span> <span class='ocrx_word' id='word_1_62' title='bbox 529 1341 586 1408; x_wconf 63' lang='lat' dir='ltr'>&#39;ua</span> <span class='ocrx_word' id='word_1_63' title='bbox 603 1341 635 1396; x_wconf 91' lang='lat' dir='ltr'>et</span> <span class='ocrx_word' id='word_1_64' title='bbox 650 1333 907 1414; x_wconf 81' lang='lat' dir='ltr'>protraxerimus</span> <span class='ocrx_word' id='word_1_65' title='bbox 929 1333 1055 1396; x_wconf 89' lang='lat' dir='ltr'>lineam</span> <span class='ocrx_word' id='word_1_66' title='bbox 1068 1341 1192 1396; x_wconf 89' lang='lat' dir='ltr'>rectam</span> <span class='ocrx_word' id='word_1_67' title='bbox 1205 1351 1272 1410; x_wconf 85' lang='lat' dir='ltr'>cm,</span> <span class='ocrx_word' id='word_1_68' title='bbox 1289 1334 1502 1398; x_wconf 83' lang='lat' dir='ltr'>inveniemus</span> 
     </span>
     <span class='ocr_line' id='line_1_9' title="bbox 424 1417 1501 1522; baseline 0 -16"><span class='ocrx_word' id='word_1_69' title='bbox 424 1417 727 1507; x_wconf 81' lang='lat' dir='ltr'>circumferentiam</span> <span class='ocrx_word' id='word_1_70' title='bbox 738 1445 793 1504; x_wconf 80' lang='lat' dir='ltr'>bnt</span> <span class='ocrx_word' id='word_1_71' title='bbox 811 1461 941 1521; x_wconf 87' lang='lat' dir='ltr'>semper</span> <span class='ocrx_word' id='word_1_72' title='bbox 957 1443 1132 1522; x_wconf 89' lang='lat' dir='ltr'>aequalem</span> <span class='ocrx_word' id='word_1_73' title='bbox 1146 1442 1435 1510; x_wconf 74' lang='lat' dir='ltr'>circumferentiae</span> <span class='ocrx_word' id='word_1_74' title='bbox 1451 1445 1501 1517; x_wconf 85' lang='lat' dir='ltr'>il,</span> 
     </span>
     <span class='ocr_line' id='line_1_10' title="bbox 426 1551 1501 1632; baseline 0 -16"><span class='ocrx_word' id='word_1_75' title='bbox 426 1553 519 1632; x_wconf 82' lang='lat' dir='ltr'>quod</span> <span class='ocrx_word' id='word_1_76' title='bbox 538 1571 615 1616; x_wconf 88' lang='lat' dir='ltr'>cum</span> <span class='ocrx_word' id='word_1_77' title='bbox 636 1554 683 1618; x_wconf 86' lang='lat' dir='ltr'>ita</span> <span class='ocrx_word' id='word_1_78' title='bbox 703 1553 755 1626; x_wconf 89' lang='lat' dir='ltr'>fit,</span> <span class='ocrx_word' id='word_1_79' title='bbox 783 1553 846 1616; x_wconf 84' lang='lat' dir='ltr'>erit</span> <span class='ocrx_word' id='word_1_80' title='bbox 874 1551 1018 1631; x_wconf 81' lang='lat' dir='ltr'>angulus</span> <span class='ocrx_word' id='word_1_81' title='bbox 1046 1554 1104 1629; x_wconf 80' lang='lat' dir='ltr'>lab</span> <span class='ocrx_word' id='word_1_82' title='bbox 1133 1553 1220 1624; x_wconf 77' lang='lat' dir='ltr'>sicui</span> <span class='ocrx_word' id='word_1_83' title='bbox 1241 1551 1384 1632; x_wconf 78' lang='lat' dir='ltr'>angulus</span> <span class='ocrx_word' id='word_1_84' title='bbox 1404 1555 1501 1629; x_wconf 78' lang='lat' dir='ltr'>urob,</span> 
     </span>
     <span class='ocr_line' id='line_1_11' title="bbox 428 1657 1503 1744; baseline 0.002 -19"><span class='ocrx_word' id='word_1_85' title='bbox 428 1671 460 1726; x_wconf 91' lang='lat' dir='ltr'>et</span> <span class='ocrx_word' id='word_1_86' title='bbox 480 1662 572 1726; x_wconf 87' lang='lat' dir='ltr'>linea</span> <span class='ocrx_word' id='word_1_87' title='bbox 594 1664 638 1726; x_wconf 78' lang='lat' dir='ltr'>td</span> <span class='ocrx_word' id='word_1_88' title='bbox 660 1664 722 1726; x_wconf 89' lang='lat' dir='ltr'>erit</span> <span class='ocrx_word' id='word_1_89' title='bbox 743 1661 1025 1743; x_wconf 79' lang='lat' dir='ltr'>perpendicularis</span> <span class='ocrx_word' id='word_1_90' title='bbox 1038 1679 1140 1742; x_wconf 88' lang='lat' dir='ltr'>snper</span> <span class='ocrx_word' id='word_1_91' title='bbox 1153 1663 1268 1726; x_wconf 88' lang='lat' dir='ltr'>omnia</span> <span class='ocrx_word' id='word_1_92' title='bbox 1279 1663 1344 1726; x_wconf 88' lang='lat' dir='ltr'>ista</span> <span class='ocrx_word' id='word_1_93' title='bbox 1357 1657 1503 1744; x_wconf 88' lang='lat' dir='ltr'>specula.</span> 
     </span>
     <span class='ocr_line' id='line_1_12' title="bbox 425 1749 1503 1854; baseline -0.002 -18"><span class='ocrx_word' id='word_1_94' title='bbox 425 1772 528 1837; x_wconf 87' lang='lat' dir='ltr'>Linea</span> <span class='ocrx_word' id='word_1_95' title='bbox 550 1789 683 1852; x_wconf 87' lang='lat' dir='ltr'>qnoque</span> <span class='ocrx_word' id='word_1_96' title='bbox 711 1774 750 1836; x_wconf 87' lang='lat' dir='ltr'>al</span> <span class='ocrx_word' id='word_1_97' title='bbox 778 1777 828 1834; x_wconf 85' lang='lat' dir='ltr'>est</span> <span class='ocrx_word' id='word_1_98' title='bbox 854 1771 948 1834; x_wconf 89' lang='lat' dir='ltr'>locus</span> <span class='ocrx_word' id='word_1_99' title='bbox 977 1749 1063 1836; x_wconf 77' lang='lat' dir='ltr'>radii</span> <span class='ocrx_word' id='word_1_100' title='bbox 1085 1791 1105 1835; x_wconf 89' lang='lat' dir='ltr'>a</span> <span class='ocrx_word' id='word_1_101' title='bbox 1131 1773 1206 1834; x_wconf 68' lang='lat' dir='ltr'>usu</span> <span class='ocrx_word' id='word_1_102' title='bbox 1235 1774 1381 1836; x_wconf 87' lang='lat' dir='ltr'>cadentis</span> <span class='ocrx_word' id='word_1_103' title='bbox 1403 1791 1503 1854; x_wconf 87' lang='lat' dir='ltr'>super</span> 
     </span>
     <span class='ocr_line' id='line_1_13' title="bbox 426 1881 1503 1964; baseline 0.002 -20"><span class='ocrx_word' id='word_1_104' title='bbox 426 1882 551 1964; x_wconf 87' lang='lat' dir='ltr'>speculi</span> <span class='ocrx_word' id='word_1_105' title='bbox 578 1881 803 1962; x_wconf 67' lang='lat' dir='ltr'>superficiem</span> <span class='ocrx_word' id='word_1_106' title='bbox 834 1881 924 1946; x_wconf 91' lang='lat' dir='ltr'>linea</span> <span class='ocrx_word' id='word_1_107' title='bbox 952 1888 1064 1944; x_wconf 88' lang='lat' dir='ltr'>autem</span> <span class='ocrx_word' id='word_1_108' title='bbox 1092 1900 1149 1946; x_wconf 85' lang='lat' dir='ltr'>cm</span> <span class='ocrx_word' id='word_1_109' title='bbox 1179 1889 1229 1946; x_wconf 86' lang='lat' dir='ltr'>est</span> <span class='ocrx_word' id='word_1_110' title='bbox 1250 1881 1344 1946; x_wconf 90' lang='lat' dir='ltr'>locus</span> <span class='ocrx_word' id='word_1_111' title='bbox 1371 1883 1503 1946; x_wconf 80' lang='lat' dir='ltr'>retracti</span> 
     </span>
     <span class='ocr_line' id='line_1_14' title="bbox 424 1991 1503 2082; baseline 0 -28"><span class='ocrx_word' id='word_1_112' title='bbox 424 1991 510 2055; x_wconf 90' lang='lat' dir='ltr'>radii</span> <span class='ocrx_word' id='word_1_113' title='bbox 535 2009 556 2054; x_wconf 91' lang='lat' dir='ltr'>a</span> <span class='ocrx_word' id='word_1_114' title='bbox 583 1991 758 2072; x_wconf 86' lang='lat' dir='ltr'>superficie</span> <span class='ocrx_word' id='word_1_115' title='bbox 780 1991 908 2079; x_wconf 73' lang='lat' dir='ltr'>speculi</span> <span class='ocrx_word' id='word_1_116' title='bbox 923 1991 978 2082; x_wconf 84' lang='lat' dir='ltr'>ad</span> <span class='ocrx_word' id='word_1_117' title='bbox 1011 2009 1082 2054; x_wconf 87' lang='lat' dir='ltr'>rem</span> <span class='ocrx_word' id='word_1_118' title='bbox 1112 1992 1302 2056; x_wconf 88' lang='lat' dir='ltr'>videndam.</span> <span class='ocrx_word' id='word_1_119' title='bbox 1325 1993 1452 2056; x_wconf 84' lang='lat' dir='ltr'>Rursus</span> <span class='ocrx_word' id='word_1_120' title='bbox 1473 1993 1503 2054; x_wconf 87' lang='lat' dir='ltr'>si</span> 
     </span>
     <span class='ocr_line' id='line_1_15' title="bbox 425 2099 1502 2182; baseline 0 -18"><span class='ocrx_word' id='word_1_121' title='bbox 425 2099 637 2181; x_wconf 82' lang='lat' dir='ltr'>posuerimus</span> <span class='ocrx_word' id='word_1_122' title='bbox 659 2118 762 2180; x_wconf 87' lang='lat' dir='ltr'>super</span> <span class='ocrx_word' id='word_1_123' title='bbox 787 2101 804 2162; x_wconf 84' lang='lat' dir='ltr'>b</span> <span class='ocrx_word' id='word_1_124' title='bbox 832 2099 961 2180; x_wconf 88' lang='lat' dir='ltr'>aliquid</span> <span class='ocrx_word' id='word_1_125' title='bbox 987 2101 1117 2164; x_wconf 87' lang='lat' dir='ltr'>modice</span> <span class='ocrx_word' id='word_1_126' title='bbox 1140 2100 1295 2180; x_wconf 81' lang='lat' dir='ltr'>longum,</span> <span class='ocrx_word' id='word_1_127' title='bbox 1324 2109 1357 2164; x_wconf 90' lang='lat' dir='ltr'>et</span> <span class='ocrx_word' id='word_1_128' title='bbox 1382 2119 1502 2182; x_wconf 87' lang='lat' dir='ltr'>posue·</span> 
     </span>
     <span class='ocr_line' id='line_1_16' title="bbox 427 2208 1573 2297; baseline 0.003 -27"><span class='ocrx_word' id='word_1_129' title='bbox 427 2209 533 2272; x_wconf 90' lang='lat' dir='ltr'>rimus</span> <span class='ocrx_word' id='word_1_130' title='bbox 556 2209 667 2272; x_wconf 86' lang='lat' dir='ltr'>visum</span> <span class='ocrx_word' id='word_1_131' title='bbox 689 2209 725 2270; x_wconf 92' lang='lat' dir='ltr'>in</span> <span class='ocrx_word' id='word_1_132' title='bbox 746 2208 820 2270; x_wconf 90' lang='lat' dir='ltr'>loco</span> <span class='ocrx_word' id='word_1_133' title='bbox 848 2208 907 2288; x_wconf 89' lang='lat' dir='ltr'>qui</span> <span class='ocrx_word' id='word_1_134' title='bbox 933 2214 982 2270; x_wconf 86' lang='lat' dir='ltr'>est</span> <span class='ocrx_word' id='word_1_135' title='bbox 1008 2227 1107 2290; x_wconf 87' lang='lat' dir='ltr'>super</span> <span class='ocrx_word' id='word_1_136' title='bbox 1128 2216 1227 2290; x_wconf 88' lang='lat' dir='ltr'>caput</span> <span class='ocrx_word' id='word_1_137' title='bbox 1247 2211 1310 2284; x_wconf 83' lang='lat' dir='ltr'>ab,</span> <span class='ocrx_word' id='word_1_138' title='bbox 1332 2211 1502 2292; x_wconf 79' lang='lat' dir='ltr'>apparebit</span> <span class='ocrx_word' id='word_1_139' title='bbox 1571 2291 1573 2297; x_wconf 28' lang='grc' dir='ltr'>Ι</span> 
     </span>
     <span class='ocr_line' id='line_1_17' title="bbox 428 2303 1550 2400; baseline 0.004 -20"><span class='ocrx_word' id='word_1_140' title='bbox 428 2326 535 2384; x_wconf 87' lang='lat' dir='ltr'>totum</span> <span class='ocrx_word' id='word_1_141' title='bbox 558 2337 659 2398; x_wconf 88' lang='lat' dir='ltr'>super</span> <span class='ocrx_word' id='word_1_142' title='bbox 680 2335 784 2384; x_wconf 87' lang='lat' dir='ltr'>unam</span> <span class='ocrx_word' id='word_1_143' title='bbox 805 2318 929 2382; x_wconf 87' lang='lat' dir='ltr'>lineam</span> <span class='ocrx_word' id='word_1_144' title='bbox 952 2324 1088 2392; x_wconf 82' lang='lat' dir='ltr'>rectam,</span> <span class='ocrx_word' id='word_1_145' title='bbox 1106 2303 1196 2400; x_wconf 78' lang='lat' dir='ltr'>⁴quae</span> <span class='ocrx_word' id='word_1_146' title='bbox 1218 2327 1268 2382; x_wconf 87' lang='lat' dir='ltr'>est</span> <span class='ocrx_word' id='word_1_147' title='bbox 1288 2323 1342 2384; x_wconf 86' lang='lat' dir='ltr'>od.</span> <span class='ocrx_word' id='word_1_148' title='bbox 1545 2307 1550 2316; x_wconf 64' lang='grc'><strong><em>’</em></strong></span> 
     </span>
     <span class='ocr_line' id='line_1_18' title="bbox 468 2427 1501 2512; baseline 0.007 -24"><span class='ocrx_word' id='word_1_149' title='bbox 468 2427 633 2508; x_wconf 90' lang='lat' dir='ltr'>Principia</span> <span class='ocrx_word' id='word_1_150' title='bbox 653 2427 756 2506; x_wconf 80' lang='lat' dir='ltr'>igitur</span> <span class='ocrx_word' id='word_1_151' title='bbox 778 2445 862 2506; x_wconf 85' lang='lat' dir='ltr'>quae</span> <span class='ocrx_word' id='word_1_152' title='bbox 885 2428 1076 2507; x_wconf 87' lang='lat' dir='ltr'>posuimus,</span> <span class='ocrx_word' id='word_1_153' title='bbox 1099 2435 1259 2509; x_wconf 86' lang='lat' dir='ltr'>apparent</span> <span class='ocrx_word' id='word_1_154' title='bbox 1279 2447 1337 2510; x_wconf 90' lang='lat' dir='ltr'>per</span> <span class='ocrx_word' id='word_1_155' title='bbox 1359 2447 1501 2512; x_wconf 84' lang='lat' dir='ltr'>eaquae</span> 
     </span>
     <span class='ocr_line' id='line_1_19' title="bbox 426 2526 1502 2618; baseline 0.003 -18"><span class='ocrx_word' id='word_1_156' title='bbox 426 2538 658 2616; x_wconf 79' lang='lat' dir='ltr'>exposuimus;</span> <span class='ocrx_word' id='word_1_157' title='bbox 676 2537 772 2617; x_wconf 88' lang='lat' dir='ltr'>quod</span> <span class='ocrx_word' id='word_1_158' title='bbox 793 2544 905 2616; x_wconf 79' lang='lat' dir='ltr'>autem</span> <span class='ocrx_word' id='word_1_159' title='bbox 922 2537 1130 2602; x_wconf 83' lang='lat' dir='ltr'>ratiocinatio</span> <span class='ocrx_word' id='word_1_160' title='bbox 1149 2539 1185 2600; x_wconf 91' lang='lat' dir='ltr'>in</span> <span class='ocrx_word' id='word_1_161' title='bbox 1203 2526 1258 2600; x_wconf 82' lang='lat' dir='ltr'>bis</span> <span class='ocrx_word' id='word_1_162' title='bbox 1275 2540 1429 2618; x_wconf 88' lang='lat' dir='ltr'>sequitur</span> <span class='ocrx_word' id='word_1_163' title='bbox 1444 2559 1502 2603; x_wconf 89' lang='lat' dir='ltr'>na·</span> 
     </span>
     <span class='ocr_line' id='line_1_20' title="bbox 426 2645 1503 2726; baseline 0.003 -18"><span class='ocrx_word' id='word_1_164' title='bbox 426 2654 534 2710; x_wconf 88' lang='lat' dir='ltr'>turam</span> <span class='ocrx_word' id='word_1_165' title='bbox 545 2663 724 2720; x_wconf 78' lang='lat' dir='ltr'>sensuum,</span> <span class='ocrx_word' id='word_1_166' title='bbox 736 2664 805 2710; x_wconf 89' lang='lat' dir='ltr'>non</span> <span class='ocrx_word' id='word_1_167' title='bbox 821 2652 871 2708; x_wconf 88' lang='lat' dir='ltr'>est</span> <span class='ocrx_word' id='word_1_168' title='bbox 885 2645 1015 2710; x_wconf 84' lang='lat' dir='ltr'>difficile</span> <span class='ocrx_word' id='word_1_169' title='bbox 1031 2647 1303 2726; x_wconf 82' lang='lat' dir='ltr'>dignoscendum.</span> <span class='ocrx_word' id='word_1_170' title='bbox 1318 2648 1398 2710; x_wconf 82' lang='lat' dir='ltr'>Cum</span> <span class='ocrx_word' id='word_1_171' title='bbox 1412 2649 1503 2712; x_wconf 89' lang='lat' dir='ltr'>enirn</span> 
     </span>
     <span class='ocr_line' id='line_1_21' title="bbox 398 2732 1504 2838; baseline 0.002 -19"><span class='ocrx_word' id='word_1_172' title='bbox 398 2732 567 2819; x_wconf 74' lang='lat' dir='ltr'>⁴visibilis</span> <span class='ocrx_word' id='word_1_173' title='bbox 589 2754 673 2820; x_wconf 86' lang='lat' dir='ltr'>radii</span> <span class='ocrx_word' id='word_1_174' title='bbox 694 2756 899 2818; x_wconf 82' lang='lat' dir='ltr'>consuetudo</span> <span class='ocrx_word' id='word_1_175' title='bbox 922 2761 955 2818; x_wconf 88' lang='lat' dir='ltr'>et</span> <span class='ocrx_word' id='word_1_176' title='bbox 975 2763 1096 2818; x_wconf 88' lang='lat' dir='ltr'>natura</span> <span class='ocrx_word' id='word_1_177' title='bbox 1116 2757 1160 2818; x_wconf 91' lang='lat' dir='ltr'>sit</span> <span class='ocrx_word' id='word_1_178' title='bbox 1180 2763 1267 2820; x_wconf 85' lang='lat' dir='ltr'>recte</span> <span class='ocrx_word' id='word_1_179' title='bbox 1286 2760 1464 2838; x_wconf 87' lang='lat' dir='ltr'>procedere</span> <span class='ocrx_word' id='word_1_180' title='bbox 1482 2779 1504 2821; x_wconf 90' lang='lat' dir='ltr'>a</span> 
     </span>
     <span class='ocr_line' id='line_1_22' title="bbox 425 2862 1502 2963; baseline 0.002 -35"><span class='ocrx_word' id='word_1_181' title='bbox 425 2865 589 2946; x_wconf 90' lang='lat' dir='ltr'>principio</span> <span class='ocrx_word' id='word_1_182' title='bbox 618 2883 680 2928; x_wconf 90' lang='lat' dir='ltr'>suo</span> <span class='ocrx_word' id='word_1_183' title='bbox 703 2866 738 2926; x_wconf 91' lang='lat' dir='ltr'>in</span> <span class='ocrx_word' id='word_1_184' title='bbox 761 2862 926 2928; x_wconf 80' lang='lat' dir='ltr'>universis</span> <span class='ocrx_word' id='word_1_185' title='bbox 952 2867 1076 2941; x_wconf 86' lang='lat' dir='ltr'>rebus,</span> <span class='ocrx_word' id='word_1_186' title='bbox 1106 2884 1192 2946; x_wconf 87' lang='lat' dir='ltr'>qnae</span> <span class='ocrx_word' id='word_1_187' title='bbox 1215 2874 1303 2932; x_wconf 87' lang='lat' dir='ltr'>recte</span> <span class='ocrx_word' id='word_1_188' title='bbox 1323 2868 1502 2963; x_wconf 59' lang='lat' dir='ltr'>videntum</span> 
     </span>
     <span class='ocr_line' id='line_1_23' title="bbox 426 2976 1502 3056; baseline 0.006 -20"><span class='ocrx_word' id='word_1_189' title='bbox 426 2976 649 3040; x_wconf 81' lang='lat' dir='ltr'>reverberatio</span> <span class='ocrx_word' id='word_1_190' title='bbox 673 2981 786 3039; x_wconf 89' lang='lat' dir='ltr'>autem</span> <span class='ocrx_word' id='word_1_191' title='bbox 809 2993 895 3055; x_wconf 91' lang='lat' dir='ltr'>quae</span> <span class='ocrx_word' id='word_1_192' title='bbox 916 2977 1066 3056; x_wconf 85' lang='lat' dir='ltr'>procedit</span> <span class='ocrx_word' id='word_1_193' title='bbox 1087 2993 1126 3038; x_wconf 84' lang='lat' dir='ltr'>ex</span> <span class='ocrx_word' id='word_1_194' title='bbox 1146 2977 1307 3056; x_wconf 86' lang='lat' dir='ltr'>speculis,</span> <span class='ocrx_word' id='word_1_195' title='bbox 1329 2997 1398 3040; x_wconf 91' lang='lat' dir='ltr'>non</span> <span class='ocrx_word' id='word_1_196' title='bbox 1420 2981 1502 3042; x_wconf 87' lang='lat' dir='ltr'>asai-</span> 
     </span>
     <span class='ocr_line' id='line_1_24' title="bbox 424 3083 1527 3164; baseline 0.005 -17"><span class='ocrx_word' id='word_1_197' title='bbox 424 3086 561 3149; x_wconf 87' lang='lat' dir='ltr'>milatur</span> <span class='ocrx_word' id='word_1_198' title='bbox 574 3083 787 3160; x_wconf 80' lang='lat' dir='ltr'>visui,&#39;debet</span> <span class='ocrx_word' id='word_1_199' title='bbox 803 3105 923 3163; x_wconf 77' lang='lat' dir='ltr'>sensus</span> <span class='ocrx_word' id='word_1_200' title='bbox 940 3086 1106 3151; x_wconf 87' lang='lat' dir='ltr'>declinare</span> <span class='ocrx_word' id='word_1_201' title='bbox 1122 3087 1164 3152; x_wconf 85' lang='lat' dir='ltr'>ad</span> <span class='ocrx_word' id='word_1_202' title='bbox 1178 3088 1365 3150; x_wconf 81' lang='lat' dir='ltr'>naturalem</span> <span class='ocrx_word' id='word_1_203' title='bbox 1380 3095 1502 3164; x_wconf 76' lang='lat' dir='ltr'>actvm,</span> <span class='ocrx_word' id='word_1_204' title='bbox 1523 3115 1527 3121; x_wconf 93' lang='lat'>·</span> 
     </span>
     <span class='ocr_line' id='line_1_25' title="bbox 425 3197 1502 3276; baseline 0.004 -18"><span class='ocrx_word' id='word_1_205' title='bbox 425 3197 485 3274; x_wconf 92' lang='lat' dir='ltr'>qui</span> <span class='ocrx_word' id='word_1_206' title='bbox 507 3197 548 3258; x_wconf 88' lang='lat' dir='ltr'>de</span> <span class='ocrx_word' id='word_1_207' title='bbox 569 3197 810 3271; x_wconf 75' lang='lat' dir='ltr'>consuetudine</span> <span class='ocrx_word' id='word_1_208' title='bbox 832 3215 894 3260; x_wconf 87' lang='lat' dir='ltr'>sna</span> <span class='ocrx_word' id='word_1_209' title='bbox 916 3203 983 3270; x_wconf 86' lang='lat' dir='ltr'>est,</span> <span class='ocrx_word' id='word_1_210' title='bbox 1005 3203 1038 3258; x_wconf 85' lang='lat' dir='ltr'>et</span> <span class='ocrx_word' id='word_1_211' title='bbox 1060 3199 1260 3276; x_wconf 81' lang='lat' dir='ltr'>congregare</span> <span class='ocrx_word' id='word_1_212' title='bbox 1281 3197 1413 3264; x_wconf 87' lang='lat' dir='ltr'>radium</span> <span class='ocrx_word' id='word_1_213' title='bbox 1437 3199 1502 3262; x_wconf 86' lang='lat' dir='ltr'>ira-</span> 
     </span>
     <span class='ocr_line' id='line_1_26' title="bbox 425 3305 1503 3386; baseline 0.006 -20"><span class='ocrx_word' id='word_1_214' title='bbox 425 3309 514 3366; x_wconf 85' lang='lat' dir='ltr'>ctum</span> <span class='ocrx_word' id='word_1_215' title='bbox 543 3323 620 3367; x_wconf 89' lang='lat' dir='ltr'>cum</span> <span class='ocrx_word' id='word_1_216' title='bbox 650 3305 757 3384; x_wconf 88' lang='lat' dir='ltr'>primo</span> <span class='ocrx_word' id='word_1_217' title='bbox 786 3306 878 3368; x_wconf 90' lang='lat' dir='ltr'>radic</span> <span class='ocrx_word' id='word_1_218' title='bbox 900 3305 1009 3386; x_wconf 89' lang='lat' dir='ltr'>posito</span> <span class='ocrx_word' id='word_1_219' title='bbox 1032 3310 1110 3368; x_wconf 87' lang='lat' dir='ltr'>aute</span> <span class='ocrx_word' id='word_1_220' title='bbox 1131 3305 1451 3383; x_wconf 82' lang='lat' dir='ltr'>reverberationem,</span> <span class='ocrx_word' id='word_1_221' title='bbox 1470 3317 1503 3372; x_wconf 79' lang='lat' dir='ltr'>et</span> 
     </span>
     <span class='ocr_line' id='line_1_27' title="bbox 426 3413 1503 3494; baseline 0.007 -20"><span class='ocrx_word' id='word_1_222' title='bbox 426 3413 473 3474; x_wconf 89' lang='lat' dir='ltr'>sic</span> <span class='ocrx_word' id='word_1_223' title='bbox 496 3414 651 3476; x_wconf 87' lang='lat' dir='ltr'>arbitrari</span> <span class='ocrx_word' id='word_1_224' title='bbox 670 3414 768 3476; x_wconf 88' lang='lat' dir='ltr'>illum</span> <span class='ocrx_word' id='word_1_225' title='bbox 792 3431 863 3477; x_wconf 88' lang='lat' dir='ltr'>esse</span> <span class='ocrx_word' id='word_1_226' title='bbox 887 3415 1072 3488; x_wconf 87' lang='lat' dir='ltr'>directum,</span> <span class='ocrx_word' id='word_1_227' title='bbox 1098 3420 1258 3494; x_wconf 88' lang='lat' dir='ltr'>tanquam</span> <span class='ocrx_word' id='word_1_228' title='bbox 1279 3415 1309 3478; x_wconf 88' lang='lat' dir='ltr'>si</span> <span class='ocrx_word' id='word_1_229' title='bbox 1330 3435 1399 3480; x_wconf 91' lang='lat' dir='ltr'>non</span> <span class='ocrx_word' id='word_1_230' title='bbox 1421 3419 1503 3482; x_wconf 88' lang='lat' dir='ltr'>acci·</span> 
     </span>
     <span class='ocr_line' id='line_1_28' title="bbox 424 3524 1501 3608; baseline 0.004 -22"><span class='ocrx_word' id='word_1_231' title='bbox 424 3525 518 3588; x_wconf 89' lang='lat' dir='ltr'>deret</span> <span class='ocrx_word' id='word_1_232' title='bbox 536 3524 568 3588; x_wconf 91' lang='lat' dir='ltr'>ei</span> <span class='ocrx_word' id='word_1_233' title='bbox 587 3524 723 3602; x_wconf 89' lang='lat' dir='ltr'>aliquod</span> <span class='ocrx_word' id='word_1_234' title='bbox 740 3524 909 3598; x_wconf 84' lang='lat' dir='ltr'>accidens,</span> <span class='ocrx_word' id='word_1_235' title='bbox 921 3525 986 3586; x_wconf 87' lang='lat' dir='ltr'>&#39;sed</span> <span class='ocrx_word' id='word_1_236' title='bbox 1004 3529 1090 3588; x_wconf 87' lang='lat' dir='ltr'>esset</span> <span class='ocrx_word' id='word_1_237' title='bbox 1105 3532 1223 3588; x_wconf 87' lang='lat' dir='ltr'>rectus.</span> <span class='ocrx_word' id='word_1_238' title='bbox 1240 3525 1411 3590; x_wconf 87' lang='lat' dir='ltr'>Videbitnr</span> <span class='ocrx_word' id='word_1_239' title='bbox 1425 3545 1501 3608; x_wconf 83' lang='lat' dir='ltr'>ergo</span> 
     </span>
     <span class='ocr_line' id='line_1_29' title="bbox 425 3632 1435 3714; baseline 0.005 -22"><span class='ocrx_word' id='word_1_240' title='bbox 425 3632 535 3694; x_wconf 88' lang='lat' dir='ltr'>forma</span> <span class='ocrx_word' id='word_1_241' title='bbox 555 3633 604 3694; x_wconf 92' lang='lat' dir='ltr'>rei</span> <span class='ocrx_word' id='word_1_242' title='bbox 626 3640 798 3713; x_wconf 86' lang='lat' dir='ltr'>tamquam</span> <span class='ocrx_word' id='word_1_243' title='bbox 820 3651 873 3696; x_wconf 89' lang='lat' dir='ltr'>res</span> <span class='ocrx_word' id='word_1_244' title='bbox 896 3651 982 3714; x_wconf 90' lang='lat' dir='ltr'>quae</span> <span class='ocrx_word' id='word_1_245' title='bbox 1005 3633 1137 3696; x_wconf 88' lang='lat' dir='ltr'>videtur</span> <span class='ocrx_word' id='word_1_246' title='bbox 1158 3634 1230 3696; x_wconf 89' lang='lat' dir='ltr'>sine</span> <span class='ocrx_word' id='word_1_247' title='bbox 1252 3634 1435 3698; x_wconf 82' lang='lat' dir='ltr'>obstaculo.</span> 
     </span>
     <span class='ocr_line' id='line_1_30' title="bbox 467 3741 1503 3822; baseline 0.002 -20"><span class='ocrx_word' id='word_1_248' title='bbox 467 3741 572 3805; x_wconf 81' lang='lat' dir='ltr'>(lausa</span> <span class='ocrx_word' id='word_1_249' title='bbox 586 3760 664 3804; x_wconf 88' lang='lat' dir='ltr'>vero</span> <span class='ocrx_word' id='word_1_250' title='bbox 680 3761 746 3822; x_wconf 88' lang='lat' dir='ltr'>qua</span> <span class='ocrx_word' id='word_1_251' title='bbox 757 3743 842 3808; x_wconf 86' lang='lat' dir='ltr'>visui</span> <span class='ocrx_word' id='word_1_252' title='bbox 853 3762 923 3806; x_wconf 86' lang='lat' dir='ltr'>non</span> <span class='ocrx_word' id='word_1_253' title='bbox 935 3743 1167 3806; x_wconf 81' lang='lat' dir='ltr'>manifestatur</span> <span class='ocrx_word' id='word_1_254' title='bbox 1178 3745 1399 3808; x_wconf 84' lang='lat' dir='ltr'>reverberatio</span> <span class='ocrx_word' id='word_1_255' title='bbox 1409 3745 1503 3818; x_wconf 74' lang='lat' dir='ltr'>radii„</span> 
     </span>
     <span class='ocr_line' id='line_1_31' title="bbox 424 3851 1500 3932; baseline 0.002 -18"><span class='ocrx_word' id='word_1_256' title='bbox 424 3857 473 3915; x_wconf 77' lang='lat' dir='ltr'>&#39;est</span> <span class='ocrx_word' id='word_1_257' title='bbox 487 3851 565 3929; x_wconf 91' lang='lat' dir='ltr'>quia</span> <span class='ocrx_word' id='word_1_258' title='bbox 580 3869 793 3932; x_wconf 87' lang='lat' dir='ltr'>nequaquam</span> <span class='ocrx_word' id='word_1_259' title='bbox 808 3854 909 3916; x_wconf 88' lang='lat' dir='ltr'>sentit</span> <span class='ocrx_word' id='word_1_260' title='bbox 922 3853 1017 3918; x_wconf 89' lang='lat' dir='ltr'>illam</span> <span class='ocrx_word' id='word_1_261' title='bbox 1033 3853 1140 3918; x_wconf 87' lang='lat' dir='ltr'>solem</span> <span class='ocrx_word' id='word_1_262' title='bbox 1156 3854 1230 3918; x_wconf 87' lang='lat' dir='ltr'>sine</span> <span class='ocrx_word' id='word_1_263' title='bbox 1246 3853 1436 3916; x_wconf 88' lang='lat' dir='ltr'>obviatione</span> <span class='ocrx_word' id='word_1_264' title='bbox 1450 3869 1500 3916; x_wconf 90' lang='lat' dir='ltr'>re·</span> 
     </span>
     <span class='ocr_line' id='line_1_32' title="bbox 426 3961 1503 4044; baseline 0.005 -23"><span class='ocrx_word' id='word_1_265' title='bbox 426 3978 513 4035; x_wconf 84' lang='lat' dir='ltr'>rum,</span> <span class='ocrx_word' id='word_1_266' title='bbox 528 3961 703 4043; x_wconf 82' lang='lat' dir='ltr'>exquibus</span> <span class='ocrx_word' id='word_1_267' title='bbox 718 3964 803 4026; x_wconf 87' lang='lat' dir='ltr'>fiunt</span> <span class='ocrx_word' id='word_1_268' title='bbox 816 3963 1012 4044; x_wconf 81' lang='lat' dir='ltr'>huiusmodi</span> <span class='ocrx_word' id='word_1_269' title='bbox 1027 3965 1162 4029; x_wconf 86' lang='lat' dir='ltr'>formae.</span> <span class='ocrx_word' id='word_1_270' title='bbox 1178 3963 1277 4026; x_wconf 76' lang='lat' dir='ltr'>Casus</span> <span class='ocrx_word' id='word_1_271' title='bbox 1292 3964 1383 4028; x_wconf 87' lang='lat' dir='ltr'>enim</span> <span class='ocrx_word' id='word_1_272' title='bbox 1398 3964 1503 4027; x_wconf 85' lang='lat' dir='ltr'>radio·</span> 
     </span>
     <span class='ocr_line' id='line_1_33' title="bbox 426 4072 1502 4155; baseline 0.005 -25"><span class='ocrx_word' id='word_1_273' title='bbox 426 4087 501 4134; x_wconf 89' lang='lat' dir='ltr'>rum</span> <span class='ocrx_word' id='word_1_274' title='bbox 516 4091 617 4152; x_wconf 87' lang='lat' dir='ltr'>super</span> <span class='ocrx_word' id='word_1_275' title='bbox 632 4073 766 4153; x_wconf 87' lang='lat' dir='ltr'>specula</span> <span class='ocrx_word' id='word_1_276' title='bbox 777 4073 822 4136; x_wconf 85' lang='lat' dir='ltr'>ita</span> <span class='ocrx_word' id='word_1_277' title='bbox 833 4073 881 4146; x_wconf 89' lang='lat' dir='ltr'>fit,</span> <span class='ocrx_word' id='word_1_278' title='bbox 895 4073 985 4152; x_wconf 88' lang='lat' dir='ltr'>quod</span> <span class='ocrx_word' id='word_1_279' title='bbox 997 4072 1122 4154; x_wconf 84' lang='lat' dir='ltr'>singuli</span> <span class='ocrx_word' id='word_1_280' title='bbox 1135 4091 1251 4138; x_wconf 88' lang='lat' dir='ltr'>corum</span> <span class='ocrx_word' id='word_1_281' title='bbox 1267 4074 1389 4138; x_wconf 85' lang='lat' dir='ltr'>cadunt</span> <span class='ocrx_word' id='word_1_282' title='bbox 1402 4091 1502 4155; x_wconf 84' lang='lat' dir='ltr'>super</span> 
     </span>
    </p>
   </div>
   <div class='ocr_carea' id='block_1_2' title="bbox 0 0 1780 5444">
    <p class='ocr_par' dir='ltr' id='par_1_2' title="bbox 0 0 1780 5444">
     <span class='ocr_line' id='line_1_34' title="bbox 0 0 1780 5444; baseline 0 0"><span class='ocrx_word' id='word_1_283' title='bbox 0 0 1780 5444; x_wconf 95' lang='lat' dir='ltr'> </span> 
     </span>
    </p>
   </div>
  </div>
 </body>
</html>
