3550 5452
440 619 480 684 tr

437 731 487 794 rei
509 731 549 794 de
570 731 699 794 diversa
720 731 933 810 longitndine
957 732 1140 794 secundum
1161 730 1417 795 sensibilitatem
1437 750 1513 812 pro·

337 861 347 878 ¹
436 847 510 920 pter
526 841 728 905 celeritatem
743 841 929 914 volutionis,
944 847 976 903 et
991 842 1039 904 sic
1053 841 1182 904 videtur
1196 841 1371 921 aspicienti
1387 841 1511 906 habere

437 950 581 1012 sormam
603 951 666 1014 ori.
1461 951 1466 960 '

481 1060 532 1120 mc
559 1061 660 1124 etiam
689 1059 819 1123 fallacia
839 1059 878 1121 in'
898 1060 1042 1123 motibus
1063 1077 1176 1122 rerum
1198 1060 1417 1124 videndarum
1439 1061 1511 1124 siue

440 1169 551 1248 aliqua
572 1170 764 1249 deceptione
785 1169 886 1244 visua
909 1171 967 1232 sed
989 1170 1054 1233 hoo
1076 1169 1377 1256 subiicitur-virtuti
1393 1171 1513 1234 discer-

439 1279 582 1353 nitivae,
608 1295 687 1341 cnm
709 1277 938 1341 consideratur
959 1278 1051 1341 aliud
1073 1279 1327 1358 consimileper
1347 1279 1514 1358 praedicta

438 1388 636 1462 accidentia,
658 1388 846 1451 secundum
868 1389 953 1450 illud
975 1388 1066 1467 quod
1088 1389 1230 1451 diximus
1252 1390 1387 1452 floride
1407 1389 1513 1453 veloci

438 1498 587 1562 motione
602 1505 779 1572 trecorum,
793 1500 849 1578 qui
866 1517 944 1560 cum
958 1505 1143 1573 moventur,
1154 1503 1289 1577 putatur
1304 1500 1392 1578 quod
1408 1499 1512 1561 sensi-

438 1608 550 1670 bilitas
567 1627 634 1672 non
652 1608 770 1670 incidit
786 1625 886 1688 super
900 1615 1030 1670 motum
1045 1625 1163 1672 corum
1176 1615 1308 1690 propter
1322 1609 1513 1672 brevitatem

372 1792 377 1798 ,
439 1718 597 1798 temporis
620 1736 686 1798 quo
707 1717 898 1797 volvuntur;
922 1724 955 1781 et
976 1718 1109 1782 utillud
1125 1720 1214 1797 quod
1230 1719 1398 1782 accidit'iu
1415 1719 1513 1782 rebus

439 1845 523 1907 quae
545 1836 720 1890 moventur
737 1836 771 1891 et
784 1827 939 1891 videntur
954 1845 973 1889 a
988 1828 1102 1908 longe;
1119 1835 1277 1908 putantur
1293 1828 1382 1891 enim
1402 1834 1435 1891 et
1448 1828 1511 1890 hae

438 1945 525 2000 stare
537 1923 682 2018 'propter
702 1939 879 2002 stationem
899 1938 1040 2000 visibilis
1061 1939 1164 2011 radii,
1182 1938 1345 2017 quoniam·
1358 1957 1426 2002 non
1442 1955 1512 1999 mu·

439 2051 550 2110 tantur
570 2048 619 2110 ibi
634 2048 807 2111 distantiae
822 2049 990 2112 radiorum
1008 2048 1183 2111 sensibiles
1197 2049 1233 2110 in
1249 2055 1396 2128 tempore
1410 2049 1511 2110 brevi.

413 2158 473 2242 ,si
502 2175 577 2220 vero
607 2158 817 2225 movebimur
843 2159 879 2220 in
905 2158 1016 2237 aliqua
1038 2157 1221 2237 quantitate
1244 2157 1419 2220 distantiae
1442 2175 1510 2220 non

438 2267 579 2332 habente
615 2268 807 2331 sensibilem
844 2269 1092 2349 proportionem
1128 2268 1170 2332 ad
1206 2267 1424 2351 quantitatem
1458 2265 1511 2328 di·
1533 2331 1547 2354 ο

438 2379 578 2442 stantiae
599 2378 649 2440 rei
671 2379 848 2453 videndae,
871 2378 1040 2459 apparebit
1056 2378 1153 2440 nobis
1168 2395 1220 2440 res
1235 2377 1376 2440 videnda
1389 2376 1513 2438 moveri

438 2486 613 2550 nobiscum
635 2489 677 2550 ad
700 2487 851 2550 eamdem
873 2496 1000 2568 partem
1022 2493 1117 2550 motu
1134 2487 1264 2566 aequali
1282 2488 1317 2548 in
1333 2485 1512 2558 celeritate,

439 2598 527 2676 maed
549 2613 646 2676 saepe
669 2599 786 2660 accidit
807 2599 843 2660 in
865 2597 947 2660 luna
969 2604 1001 2661 et
1022 2597 1186 2660 universis
1205 2596 1409 2675 corporibus,
1428 2613 1512 2676 quae

437 2712 516 2768 sunt
537 2707 572 2769 in
595 2707 698 2783 coelo,
720 2714 854 2788 propter
875 2707 1088 2788 splendorem
1103 2715 1136 2770 et
1150 2691 1307 2786 magnam
1322 2706 1513 2768 distantiam

439 2833 566 2890 eorum,
588 2822 621 2879 et
643 2817 819 2896 quiscum
841 2835 1013 2880 movemur
1034 2826 1067 2880 et
1088 2817 1317 2898 protendimus
1342 2817 1432 2878 visus
1456 2833 1514 2878 no-

439 2932 540 3001 stros,
563 2933 595 2988 et
615 2925 664 2988 ad·
679 2927 873 2990 huiusmodi
895 2945 967 2991 rem
988 2928 1175 2990 videndam·
1187 2945 1256 2988 non
1278 2925 1477 3006 suscipimus
1491 2941 1513 2986 a

437 3037 510 3098 visu
530 3036 724 3100 sensibilem
746 3038 950 3115 distantiam
973 3038 1141 3118 proportio
1158 3038 1248 3100 enim
1263 3035 1340 3110 loci,
1359 3053 1425 3115 quo
1444 3051 1513 3098 mo·

439 3161 555 3208 vamur
577 3148 618 3209 ad
639 3147 839 3226 distantiam,
856 3155 905 3211 aet
918 3155 955 3210 ut
969 3155 1109 3227 punctus
1128 3148 1169 3210 ad
1186 3146 1291 3210 illam.
1311 3147 1511 3217 Resautem,

438 3271 520 3334 quas
541 3255 632 3318 idem
652 3257 742 3319 visos
764 3258 1014 3337 comprehendit
1034 3264 1160 3331 motas,
1187 3257 1216 3318 si
1238 3262 1413 3319 moventur
1434 3271 1512 3316 oum

440 3383 491 3438 eo,
508 3383 643 3429 necesse
663 3374 728 3441 est,
746 3374 785 3428 ut
799 3385 875 3430 cum
890 3367 990 3430 inari-t
1003 3367 1158 3430 transitus
1175 3367 1340 3428 earumin
1357 3364 1513 3426 distantia

440 3474 589 3537 sensibili
620 3482 654 3537 et
682 3478 795 3539 sensui
828 3484 1015 3557 patentem,
1049 3485 1082 3540 et
1111 3483 1324 3555 augmentum
1357 3475 1446 3554 quod
1472 3491 1512 3536 ex

439 3585 594 3648 distantia
628 3585 685 3659 iit,
724 3604 792 3649 non
829 3587 947 3649 babeat
982 3586 1250 3666 proportionem,
1287 3585 1513 3649 existimentur

439 3695 566 3758 moveri
595 3695 775 3776 aequaliter
802 3697 945 3758 motioni
972 3702 1104 3760 nostrae
1131 3695 1174 3758 ad
1200 3696 1352 3758 eamdem
1367 3700 1510 3774 ¹partam.

440 3805 599 3868 Similiter
613 3807 712 3870 etiam
725 3808 875 3871 derebus
890 3806 1269 3886 velocitateaequalibus
1284 3812 1441 3886 apparent
1452 3819 1512 3866 ve-

440 3913 591 3994 lociores,
606 3917 683 3980 ilias
698 3935 783 3997 quae
798 3917 1052 3997 propinquiores
1066 3916 1408 3995 santabarenum
1420 3914 1513 3976 euim

441 4025 593 4090 diametri
623 4034 702 4090 sunt
731 4029 906 4107 aequales,
937 4028 1139 4091 subtendunt
1159 4027 1322 4092 maiorem
1336 4025 1511 4106 angulum.

441 4134 646 4202 Ittaaautem
657 4155 741 4219 quae
750 4143 923 4202 <transeunt
935 4137 1124 4202 distantiam
1136 4134 1513 4214 maiorumangulorum
