3550 5452
846 673 850 682 .
1288 613 1325 678 et

257 727 306 784 eto
328 719 366 794 ic,
397 727 429 784 ει
459 721 502 783 sit
531 713 674 800 angulus
697 722 774 784 bem
802 723 912 784 minor
942 721 1062 802 angulo
1085 725 1166 802 cip,
1196 725 1253 804 qui
1280 733 1329 788 est

255 832 363 893 maier
389 849 490 911 quarn
520 830 604 894 duae
633 839 740 910 partes
771 833 852 918 recti
881 831 1004 910 auguli.
1040 833 1121 906 Quia
1150 832 1250 913 igitur
1272 853 1329 919 an·

254 941 353 1019 guius
382 943 442 1019 ebp
469 941 579 1004 maior·
600 946 650 1003 est
672 941 792 1020 angulo
822 943 919 1020 bem,
942 947 974 1004 et
995 922 1139 1020 angulus
1161 943 1221 1021 ebp
1243 942 1330 1005 sieut

251 1048 392 1127 angulus
426 1050 504 1123 ιιι,
533 1057 565 1111 ει
591 1047 732 1127 angulus
757 1049 814 1110 abt
846 1049 931 1112 siout
956 1049 1098 1129 angulus
1123 1051 1190 1122 tbi,
1223 1051 1333 1113 maior

255 1175 356 1236 quarn
379 1157 520 1247 angulus
543 1160 638 1231 bem,·
660 1156 771 1220 lineae
793 1175 870 1237 ergo
895 1160 943 1231 bt,
967 1159 1030 1232 ει,
1053 1175 1129 1220 eum
1151 1159 1335 1238 productae·

256 1265 380 1328 fuerint
401 1268 443 1329 ad
460 1275 585 1346 partem
603 1273 802 1346 punctorum
819 1269 839 1341 t,
854 1267 882 1342 t,
904 1267 1084 1348 iungentur
1096 1263 1135 1330 in'
1152 1274 1274 1346 puuoto
1288 1286 1332 1340 m,

257 1372 364 1436 ior-ma
386 1392 461 1453 ergo
484 1375 650 1455 punctim
674 1374 842 1456 apparebit
863 1375 950 1438 visui
971 1393 989 1438 a
1011 1376 1045 1438 in
1069 1382 1191 1455 puncto
1214 1376 1252 1451 ι,
1273 1375 1332 1453 qui

257 1483 413 1546 est‘inter
434 1484 607 1564 speculum
635 1491 667 1546 et
692 1501 762 1548 rem
784 1484 980 1560 videndam
1015 1491 1048 1548 et
1077 1485 1106 1546 si
1136 1491 1279 1565 punctus
1311 1483 1332 1544 Ιι

257 1601 365 1671 posset
386 1591 502 1656 eadere
523 1593 613 1658 inter
632 1593 741 1656 visum
764 1600 796 1656 ει
817 1593 1004 1673 speculum,
1023 1603 1194 1672 appareret
1217 1595 1332 1673 utique

256 1701 363 1763 forma
384 1708 460 1764 ante
481 1702 672 1784 speculum,
695 1703 782 1764 siout
804 1703 923 1766 accidit
944 1703 979 1764 in
1002 1702 1154 1768 concavis
1176 1703 1332 1784 speculis.

257 1809 319 1873 Sed
341 1811 420 1890 quia
441 1819 583 1892 puuetus
607 1815 623 1874 b
645 1829 777 1891 semper
798 1812 985 1876 necessario
1007 1812 1085 1891 tegit
1107 1818 1268 1891 puuctum
1289 1811 1329 1884 ι,

257 1927 384 2000 oportet
409 1927 445 1982 ut
470 1919 643 2000 speculum
670 1928 825 2001 appareat
849 1927 925 1984 aute
951 1921 1116 1993 formam,
1139 1938 1216 1984 eum
1238 1922 1331 1994 visus

257 2035 335 2090 tune
355 2046 423 2092 non
446 2029 570 2092 dividat
590 2030 676 2092 inter
693 2029 905 2109 superficiem
922 2029 1117 2094 interiorem
1138 2037 1173 2092 ει
1193 2029 1330 2109 superii·
1361 2027 1364 2034 '

257 2138 341 2202 oiem
356 2137 558 2211 exteriorem,
574 2147 606 2202 et
620 2145 748 2218 oportet
766 2145 801 2200 ut
816 2138 922 2202 forma
936 2138 980 2200 sit
998 2144 1084 2202 retro
1100 2139 1326 2217 superficiem.

299 2248 335 2308 In
359 2245 504 2326 epeuulis
525 2248 634 2310 curvis
647 2247 834 2312 ‘distantiae'
856 2248 905 2310 rei
918 2247 1079 2311 videndae
1094 2247 1135 2311 ub
1151 2246 1331 2326 aspiciente

258 2362 290 2418 et
304 2355 519 2434 a'euperiieie
529 2357 654 2436 speculi
671 2357 776 2419 maior
789 2363 840 2420 est
855 2373 956 2434 quarn
973 2356 1128 2421 distantia
1143 2356 1269 2423 formae
1282 2356 1331 2420 rei
1437 2399 1441 2408 ·

256 2464 427 2528 videndae.
447 2467 523 2526 Esto
548 2466 647 2527 seatio
670 2466 709 2528 de
732 2464 867 2539 circulo,
881 2465 940 2544 qui
955 2465 1055 2544 estin
1071 2482 1172 2530 curve
1187 2465 1333 2556 speculo,

259 2580 291 2634 ει
313 2574 355 2636 sit
376 2575 483 2652 ubpd,
507 2580 657 2636 centrum
680 2581 791 2636 autem
814 2573 930 2637 eireuli
952 2592 984 2648 e,
1013 2581 1047 2638 et
1062 2576 1154 2642 visus
1169 2593 1201 2647 ι,
1224 2581 1256 2640 ει
1278 2591 1331 2644 roe

258 2682 400 2745 videnda
428 2685 469 2756 ιι,
492 2688 525 2746 ει
545 2683 744 2761 refringatur
766 2684 806 2746 ad
829 2701 899 2746 rem
922 2683 1097 2746 videndam
1118 2682 1260 2749 visibilis
1281 2701 1332 2748 ra·

258 2791 333 2857 dius
344 2791 414 2854 abta
426 2791 468 2854 ad
480 2791 636 2870 aequales
647 2791 798 2872 angulos,
811 2799 842 2856 ει
855 2791 1053 2872 copulentur
1065 2795 1150 2858 duae
1162 2792 1272 2860 lineae
1284 2795 1334 2868 ει,

257 2903 309 2975 ei,
330 2909 364 2964 et
384 2903 583 2982 produeatur
604 2904 644 2964 iz
665 2920 838 2982 quousque
862 2903 1096 2968 obviaveritei
1113 2905 1288 2983 inpuueto
1307 2915 1331 2967 t.

261 3011 328 3074 urit
350 3011 450 3091 igitur
470 3012 577 3077 forma
598 3012 712 3093 puncti
734 3014 754 3076 tt
775 3011 811 3074 iu
834 3011 907 3076 loco
927 3021 951 3074 t.
974 3012 1121 3077 Dicimus
1144 3029 1221 3092 ergo
1244 3013 1334 3092 quod

257 3115 367 3183 lineae
386 3118 443 3193 ιι,
460 3119 505 3182 ιιι
525 3119 669 3183 maiores
691 3127 770 3182 sunt
791 3118 882 3184 linea
895 3120 966 3194 abt,
989 3125 1021 3182 et
1033 3121 1078 3198 pit
1099 3119 1206 3188 maior
1227 3137 1330 3197 quam

256 3237 301 3307 pt.
325 3227 536 3292 Protrahatur
553 3229 664 3309 itaque
681 3247 701 3292 a
717 3236 840 3310 puuoto
865 3230 881 3291 ι
899 3229 991 3293 linea
1006 3234 1142 3308 tangens
1157 3227 1332 3302 oiroulum.

258 3344 290 3401 et
312 3337 356 3402 eit
377 3337 450 3412 ret,
474 3345 507 3401 et
528 3339 608 3418 quia
631 3338 773 3418 angulus
788 3340 858 3404 aba
879 3337 1097 3420 aequalisest
1112 3338 1233 3418 angulo
1247 3340 1333 3413 (ιιι,

257 3453 292 3514 ot
312 3446 454 3526 angulus
482 3447 547 3512 obi
575 3453 613 3510 ut
639 3447 781 3528 angulus
805 3450 886 3522 dot,
913 3456 1063 3518 remanet
1085 3447 1227 3528 angulus
1248 3448 1332 3522 tiz,

195 3539 198 3548 ¹
257 3556 316 3635 qui
339 3563 390 3620 eet
411 3557 497 3619 sieut
519 3556 660 3637 angulus
682 3557 747 3636 tet,
771 3563 808 3622 ut
830 3557 972 3637 angulus
994 3559 1069 3634 totu·
1091 3555 1233 3636 angulus
1254 3575 1332 3622 vero

258 3665 311 3728 ιιι
338 3671 390 3728 est
411 3673 551 3741 acutus,
572 3667 732 3747 quoniam
755 3666 896 3749 angulus
918 3669 973 3730 ebt
994 3676 1045 3732 est
1066 3675 1195 3743 reatus,
1216 3657 1251 3731 ει
1272 3685 1332 3730 au·
1365 3675 1373 3693 ⁶

257 3773 357 3852 gulus
379 3776 437 3838 biit
457 3776 565 3840 maior
580 3783 630 3840 est
643 3775 764 3856 angulo
788 3778 853 3840 ιιι.
876 3777 976 3840 Linea
997 3793 1074 3857 ergo
1097 3778 1141 3840 bh
1161 3778 1269 3840 maior
1283 3782 1333 3840 est

258 3880 351 3947 linea
370 3884 429 3959 ιι,·
458 3885 567 3964 sitque
589 3884 679 3948 linea
700 3887 742 3948 ιι
766 3884 976 3961 communis,
1002 3892 1100 3948 eruut
1115 3901 1198 3965 ergo
1221 3883 1329 3952 linoae

124 4077 135 4092 ι
257 3991 553 4069 susurratores
582 4013 683 4076 quam
712 3995 809 4059 linea
829 3997 915 4068 m,-
944 4002 977 4058 et
1006 3995 1165 4076 quoniam
1192 4009 1331 4074 propor-

259 4100 313 4186 tio*
327 4102 370 4166 bt
391 4103 488 4167 adit
509 4103 596 4168 siout
610 4106 780 4200 proportie
803 4107 840 4170 te
862 4106 902 4168 ad
925 4108 971 4180 ιι,
994 4105 1054 4168 erit
1072 4105 1171 4168 etiarn
1193 4103 1283 4168 linea
1299 4105 1334 4168 ιιι
