3550 5452
1325 597 1362 660 di

288 709 322 772 in
335 707 474 772 scientia
487 705 708 786 speculorum,
722 679 897 787 praecipue
911 711 989 768 sunt
1002 706 1079 782 tria;
1095 712 1129 769 et
1143 712 1222 770 sunt
1237 706 1365 786 primas

288 819 445 882 scientiae
475 815 652 897 possibiles
679 833 739 897 per
758 833 796 880 se
819 805 989 896 cognosci,
1019 831 1163 895 quorum
1185 832 1292 880 uuum
1315 823 1366 880 est

289 947 355 1009 quo
371 927 585 1007 dignoscitur,
601 925 759 1006 quadres
778 943 862 1005 quae
879 925 1033 988 videntur
1047 927 1083 988 in
1099 925 1255 1006 speculis,
1269 941 1368 1006 appa·

287 1044 362 1100 rent
382 1035 567 1098 secundum
582 1034 800 1098 directionem
813 1034 954 1098 visibilis
970 1035 1074 1109 radii,
1089 1035 1147 1112 qui
1163 1034 1251 1098 cadit
1265 1050 1366 1116 super

288 1165 343 1210 eas
365 1164 424 1226 per
445 1145 747 1208 reverberationem
769 1162 880 1218 suam,
904 1163 990 1223 qaae
1013 1144 1051 1206 fit
1072 1145 1259 1210 secundum
1276 1145 1364 1225 posi·

289 1257 414 1318 tionem
436 1253 583 1335 pupillae
599 1271 619 1316 a
634 1253 780 1333 speculo.
804 1254 996 1317 Secundum
1008 1272 1089 1317 vero
1104 1262 1153 1318 est
1166 1272 1235 1334 quo
1250 1254 1366 1333 digno·

290 1365 403 1436 scitur,
425 1365 514 1443 quod
536 1363 668 1442 singula
690 1381 774 1442 quae
797 1362 833 1425 in
855 1363 1001 1444 speculis
1024 1364 1189 1439 videntur,
1205 1371 1365 1445 apparent

287 1492 386 1554 super
399 1473 714 1553 perpendicularem,
727 1489 813 1552 quae
828 1474 916 1536 cadit
931 1491 950 1536 a
965 1491 999 1536 re
1015 1474 1157 1537 videnda
1172 1491 1274 1555 super
1287 1491 1362 1554 spe·

288 1583 355 1646 culi
373 1581 584 1663 superficiem
606 1589 640 1646 et
662 1587 821 1661 penetrat.
844 1583 996 1646 Tertium
1020 1590 1130 1646 autem
1158 1600 1224 1662 quo
1248 1600 1367 1663 cogno·

288 1687 402 1758 scitur,
432 1687 522 1765 quod
548 1685 623 1748 talis
649 1693 699 1750 est
724 1686 844 1766 positio
874 1686 970 1750 iracti
997 1686 1100 1762 radii,
1121 1687 1180 1766 qui
1201 1694 1253 1752 est
1277 1687 1366 1752 inter

287 1796 447 1877 pupillam
458 1803 490 1859 et
504 1796 696 1876 speculum,
712 1804 747 1882 et
758 1798 845 1860 inter
857 1795 1032 1878 speculum
1043 1803 1077 1862 et
1092 1813 1164 1860 rem
1175 1797 1365 1874 videndam,

289 1907 378 1985 quod
401 1907 633 1987 unusquisque
650 1907 793 1970 istorum
808 1907 953 1970 duorum
974 1907 1124 1987 pervenit
1141 1907 1184 1970 ad
1201 1913 1365 1987 punctum

289 2016 329 2079 de
351 2033 417 2095 quo
440 2016 477 2078 fit
497 2015 623 2089 fractio,
645 2023 678 2080 et
699 2016 877 2080 continent
890 2032 966 2078 cum
984 2015 1262 2096 perpendiculari,
1277 2033 1364 2096 quae

290 2125 331 2188 ah
360 2126 433 2207 ipso
461 2133 583 2206 puncto
613 2127 760 2206 procedit
789 2126 828 2188 de
855 2124 1011 2205 speculo,
1035 2124 1192 2205 aequales
1213 2125 1364 2205 angulos.

289 2235 429 2300 Vocatur
442 2240 553 2300 autern
569 2234 852 2316 perpendicularis
863 2235 899 2297 in
911 2235 1085 2316 superacta
1100 2234 1260 2315 sphaerae
1276 2251 1364 2300 com·

214 2394 219 2402 .
291 2346 386 2408 muni
408 2346 544 2409 nomine
566 2345 667 2419 linea,
689 2363 775 2424 quae
798 2327 1032 2410 circumfertur
1053 2360 1130 2408 cum
1152 2345 1309 2410 omnibus
1326 2345 1367 2410 ti-

290 2456 384 2528 neis,
412 2471 503 2534 qaae
526 2463 663 2533 tangunt
692 2455 867 2534 sphaeram
896 2462 1051 2518 exeuntes
1079 2473 1098 2518 a
1126 2463 1249 2536 puncto
1274 2473 1364 2520 com·

288 2567 405 2640 muni,
428 2566 486 2645 qui
508 2565 614 2634 estin
638 2565 814 2645 superficie
836 2565 995 2644 sphaerae
1018 2565 1188 2630 adrectos
1211 2563 1363 2645 angulos.

289 2677 378 2740 Unde
400 2693 535 2739 necesse
558 2682 624 2750 est,
642 2682 679 2738 nt
697 2693 812 2738 omnes
831 2656 1123 2755 perpendiculares
1138 2675 1293 2740 cadentes
1308 2690 1366 2739 su·

288 2803 345 2866 per
359 2787 576 2865 sphaerarum
593 2785 815 2865 superficiem,
830 2803 908 2848 cum
923 2786 1368 2865 penetraverint-transeant

286 2913 346 2974 per
367 2903 518 2958 centrum
540 2895 710 2974 sphaerae.
1203 2973 1206 2979 Ι

330 3005 501 3068 Manifesta
523 3013 634 3068 autem
658 3011 752 3068 erunt
774 3021 830 3079 ea,
857 3021 942 3082 quae
966 3003 1006 3068 de
1029 3004 1203 3085 principiis
1224 3023 1365 3086 praepo·

287 3115 369 3189 sitis,
390 3132 448 3194 per
471 3133 511 3177 ea
532 3132 618 3193 quae
631 3121 803 3194 apparent,
822 3093 1189 3192 sicutexponsmus.1n
1206 3114 1366 3180 omnihus

288 3225 379 3286 euim
394 3224 537 3304 speculis
552 3225 754 3298 invenimus,
769 3225 898 3304 quodsi
911 3225 946 3285 in
959 3223 1135 3302 superficie
1148 3224 1365 3288 uniuscuius-

290 3351 354 3414 que
369 3351 486 3397 eorum
501 3333 743 3413 signaverimus
757 3339 897 3414 punctos
912 3334 947 3395 in
962 3333 1056 3408 locis,
1069 3334 1190 3412 quibus
1206 3341 1366 3415 apparent

287 3460 340 3506 res
357 3443 530 3516 videndae,
547 3449 579 3506 et
596 3443 774 3506 texsnmus
794 3461 862 3517 eos,
875 3461 943 3506 non
962 3443 1078 3522 utique
1097 3444 1267 3523 apparebit
1283 3449 1365 3506 tunc

289 3552 398 3615 forma
412 3555 463 3616 rei
477 3552 650 3616 videndae.
662 3553 778 3616 Postea
792 3571 870 3616 vero
885 3571 963 3616 cum
977 3568 1084 3616 unum
1098 3553 1292 3633 postellum
1307 3554 1363 3616 de·
1462 3559 1465 3566 '

288 3663 489 3737 texerimus,
516 3668 551 3726 et
575 3663 801 3741 aspexerimus
829 3665 871 3726 ad
892 3661 966 3726 loca
988 3664 1138 3737 detecta,
1160 3663 1365 3744 apparebunt

288 3773 401 3852 puncti
415 3773 534 3852 signati
547 3779 579 3835 et
591 3774 700 3835 forma
713 3774 762 3836 rei
777 3773 936 3836 videndae
949 3771 1099 3835 insimul
1114 3774 1300 3836 secundum
1314 3774 1363 3836 di·

286 3881 466 3946 rechonem
485 3883 640 3962 principii
657 3881 801 3945 visibilis
816 3883 911 3945 radii.
929 3885 966 3944 tit
985 3883 1014 3944 si
1033 3883 1235 3946 erexerimus
1252 3883 1289 3944 in
1304 3901 1361 3946 su·
1401 3961 1404 3968 ⁴

287 3991 484 4070 perficiebas
507 3992 720 4073 speculorum
743 3993 914 4055 adrectos
937 3992 1074 4072 angulos
1097 3966 1225 4071 aliquas
1243 4010 1295 4054 res
1314 3993 1362 4055 di·

288 4107 392 4164 rectas
411 4102 542 4181 longas,
561 4110 593 4165 et
610 4102 765 4166 distantia
779 4102 879 4165 fuerit
895 4103 1073 4178 moderata,
1088 4102 1213 4166 iormae
1228 4101 1362 4166 illarum
