3550 5452
1282 579 1319 643 31

244 687 349 760 Quare
370 701 456 766 quae
474 692 698 760 curvaesunt,
717 685 1042 782 comprehenduntur
1061 703 1118 768 per
1135 687 1320 752 concavita-

178 784 190 812 '
245 804 311 862 tem
327 813 448 858 manus
464 796 676 870 continentis,
689 803 721 858 et
734 815 818 877 quae
832 802 909 858 snut
919 815 1091 870 concavae,
1102 799 1321 878 comprehen-

156 912 159 916 ’
239 907 370 991 duntur
387 925 446 986 per
463 906 657 986 curvitatem
677 925 797 970 manus
814 913 988 972 contentae
1004 908 1043 970 ab
1059 908 1132 988 ipsa
1144 926 1189 971 re.
1213 909 1323 972 Simili

246 1034 378 1096 quoque
397 1017 496 1080 modo
513 1017 575 1078 erit
590 1016 722 1104 habitus
739 1018 891 1085 omnium
907 1017 1088 1096 figurarum
1102 1018 1268 1097 exprimis
1284 1019 1325 1082 a·
1402 1031 1404 1034 ’

248 1129 340 1206 guris
352 1103 620 1206 compositarum.
634 1128 812 1193 Sciendum
824 1133 875 1190 est
888 1129 1105 1206 autem,quod
1115 1129 1228 1190 omnia
1239 1147 1324 1210 quae
1380 1187 1383 1193 ,

247 1239 287 1302 de
309 1239 361 1300 his
385 1237 609 1318 proferuntur,
632 1244 759 1319 oportet
782 1255 843 1302 nos
865 1239 1020 1302 reiterare
1040 1246 1072 1300 et
1091 1239 1210 1314 dicere,
1233 1240 1323 1320 quod

247 1348 519 1428 magnitudines,
548 1355 683 1429 propter
715 1365 799 1428 quas
828 1349 913 1414 fiunt
942 1350 1173 1422 diversitates,
1203 1350 1322 1414 debent

171 1470 176 1480 '
248 1477 320 1522 esse
344 1460 429 1522 sicut
450 1459 696 1538 magnitudines
719 1457 918 1538 angulorum
941 1459 976 1522 in
999 1459 1052 1522 his
1072 1477 1157 1540 quae
1173 1459 1325 1524 derectis

246 1568 343 1632 lineis
373 1569 569 1632 consistunt.
600 1569 808 1632 Diversitates
832 1570 1062 1650 profunditatis
1084 1570 1119 1632 in
1142 1570 1322 1649 sphaericis

248 1678 362 1758 liguris
385 1680 507 1742 debent
528 1679 650 1744 habere
676 1678 876 1758 quantitates
898 1681 1144 1760 proportionem
1166 1679 1326 1744 habentes

249 1787 440 1852 sensibilem
468 1790 509 1852 ad
539 1789 746 1863 distantiam,
777 1807 862 1869 quae
891 1795 939 1854 est
961 1790 1046 1852 inter
1068 1808 1123 1854 eas
1146 1797 1179 1853 et
1200 1790 1326 1868 visum;

249 1900 327 1978 quia
341 1899 369 1962 si
385 1917 452 1961 non
469 1899 647 1964 habuerint
669 1899 861 1963 sensibilem
884 1900 1141 1980 proportionem,
1163 1901 1325 1964 videbun-

249 2015 303 2072 tur
325 2027 386 2084 res,
411 2027 495 2090 quae
518 2015 622 2073 rectas
637 2010 742 2073 lineas
758 2010 895 2084 habent,
911 2017 949 2072 ut
964 2028 1048 2090 quac
1063 2010 1237 2075 rotundae.
1255 2011 1326 2074 Non
1344 2087 1347 2092 ¹

250 2123 339 2186 enim
363 2122 471 2185 omnis
494 2140 561 2194 res,
583 2123 619 2184 in
643 2139 708 2200 qua
732 2128 781 2185 est
803 2121 1010 2200 magnitudo,
1033 2121 1133 2184 habet
1153 2121 1326 2184 coutinen-

251 2238 316 2294 tem
345 2231 504 2312 angulum
534 2231 750 2306 sensibilem,
780 2231 939 2311 quoniam
966 2231 1164 2294 eminentiae
1186 2231 1326 2294 circum·

250 2343 366 2406 dantes
395 2359 487 2416 rem,
516 2359 593 2406 cum
615 2342 741 2412 fuerint
761 2341 855 2406 valde
877 2348 1043 2415 remotae,
1073 2340 1186 2422 auguli
1212 2359 1326 2405 earum

241 2451 460 2527 minuuntur,
474 2452 521 2516 ita
536 2453 626 2531 quod
640 2469 702 2520 neo
717 2452 833 2516 sentiri
848 2458 993 2533 possunt.
1008 2451 1129 2514 Curvae
1146 2468 1278 2533 quoqpe
1295 2458 1327 2515 et

251 2579 412 2626 concavae
430 2561 540 2626 lineae
555 2569 586 2626 et
602 2562 792 2642 superficies
810 2562 1013 2642 apparebunt
1028 2566 1135 2626 rectae
1151 2567 1184 2624 et
1199 2561 1327 2642 planae,

252 2687 326 2734 cum
348 2670 514 2751 praedicta
542 2671 709 2752 proportio
730 2671 830 2736 fuerit
846 2663 1059 2736 insensibilis.
1081 2671 1145 2734 Nec
1160 2672 1328 2752 apparebit

253 2780 446 2855 differentia,
459 2799 544 2861 quae
561 2783 595 2846 in
615 2781 762 2860 qualibet
780 2780 919 2846 istarum
931 2781 1113 2860 figurarum
1125 2786 1185 2857 est,
1198 2787 1329 2863 propter

253 2861 452 2963 distantiam,
462 2896 496 2952 et
507 2889 583 2954 ideo
595 2891 745 2954 videmus
761 2891 917 2971 sphaeras
932 2891 1027 2954 nobis
1039 2891 1243 2971 propinquas
1255 2909 1327 2956 esse

169 3045 173 3052 .
253 3017 388 3078 curvas;
421 2999 564 3080 liguram
591 3006 703 3064 autem
731 2999 812 3062 solis
836 3005 869 3064 et
890 2999 989 3064 lunae
1011 2999 1161 3078 undique
1183 2999 1329 3064 similem

253 3109 359 3185 disco,
382 3110 540 3190 quoniam
557 3110 596 3173 de
612 3110 764 3173 terminis
782 3109 951 3210 radiorum
965 3109 1067 3183 visus,
1083 3109 1141 3187 qui
1158 3110 1330 3174 continent

254 3219 392 3302 figuram
414 3219 678 3299 uniuscuiusque
702 3237 834 3293 eorum,
857 3219 895 3281 tit
915 3218 1078 3292 circulus,
1101 3218 1229 3282 medius
1252 3236 1328 3282 vero

255 3328 367 3392 radius
389 3329 431 3390 sit
451 3328 750 3408 perpendicularis,
774 3329 863 3408 quod
886 3329 1004 3392 accidit
1024 3327 1061 3391 in
1083 3328 1232 3408 sphaeris
1248 3345 1329 3408 quo·

256 3438 497 3518 modorumque
510 3439 636 3519 positis.
647 3441 684 3504 ln
697 3439 803 3519 figura
814 3447 925 3502 autem
937 3456 1022 3520 quae
1035 3438 1155 3504 similis
1168 3446 1219 3503 est
1229 3440 1329 3513 disco,

255 3567 323 3612 non
344 3549 392 3612 ita
412 3549 465 3624 fit,
488 3549 554 3612 nisi
576 3567 653 3612 cum
669 3549 768 3614 fuerit
784 3549 952 3630 oppositus
975 3556 1115 3614 tautum.
1132 3550 1181 3612 Fit
1196 3567 1329 3631 quoque

256 3658 291 3720 in
313 3659 497 3722 diversitate
517 3660 693 3740 quantitas,
709 3677 784 3724 cum
800 3659 1116 3740 perpendicularem,
1131 3677 1216 3739 quae
1231 3677 1331 3741 super

255 3786 326 3832 rem
346 3768 473 3842 incidit,
494 3769 703 3848 prohibuerit
717 3771 857 3837 curvitas
873 3769 939 3860 diu·
950 3755 1045 3834 antea
1059 3769 1273 3849 perveniendi
1289 3770 1330 3832 ad

257 3857 418 3942 centrum.
426 3878 508 3940 [lum
518 3878 607 3942 linea
619 3880 720 3953 enim,
730 3898 813 3960 quae
824 3879 865 3942 ad
875 3879 1085 3960 superficiem
1096 3879 1201 3959 ipsius
1214 3867 1329 3958 sphae-

259 3993 460 4052 raeacentro
470 3988 625 4068 procedit,
635 4007 703 4054 non
714 3988 869 4054 hahuerit
880 3989 1073 4054 sensibilem
1085 3988 1331 4069 proportionem
1370 4034 1373 4040 -

261 4098 301 4162 ad
323 4098 646 4179 perpendicularem,
670 4117 756 4194 quae
770 4098 806 4160 in
820 4098 1029 4179 superficiem
1049 4098 1147 4176 cadit,
1163 4105 1196 4162 et
1208 4097 1332 4165 lineam
