3520 5466
437 609 520 659 XLVI

517 750 616 811 Henri
643 749 759 810 Martin
782 751 845 828 (cel
875 749 1048 810 Bullcttino
1075 749 1107 808 di
1130 748 1333 826 Bibliogralia
1362 748 1430 810 edi
1452 749 1562 810 Storia

515 847 591 909 delle
611 847 738 909 Solense
758 845 977 908 matematiche
996 865 1012 907 o
1032 845 1139 908 fisiohe
1159 845 1340 925 pubblioato
1361 846 1401 907 da
1415 845 1455 905 B.
1473 846 1561 906 Bon·

518 945 692 1023 compagni.
716 944 753 1004 Τ.
775 943 821 1004 IV
841 943 1020 1024 (novembre
1042 945 1133 1023 1871)
1155 963 1227 1022 pag.
1250 945 1407 1023 466-469).

438 1093 518 1172 Pop.
542 1093 638 1165 XIII,
670 1093 724 1155 lio.
759 1095 788 1152 3.
822 1129 861 1139 -
894 1092 1015 1155 Sronm
1045 1111 1100 1152 om
1123 1093 1320 1155 Mosornam
1349 1113 1385 1152 o1
1413 1091 1561 1165 S1om1a,

516 1192 626 1252 scritta
646 1189 686 1251 da
706 1189 838 1251 Michele
860 1189 981 1261 Amari,
1009 1191 1130 1250 volume
1161 1192 1255 1250 terzo.
1289 1189 1382 1251 Parte
1412 1190 1561 1252 soconda.

518 1288 647 1349 Firenze
670 1287 759 1360 1872,
781 1307 854 1365 pag.
878 1288 1021 1350 etr-660.

438 1437 517 1514 Pop.
540 1435 612 1508 XV,
636 1437 691 1497 lio.
716 1439 764 1497 15.
791 1473 831 1482 -
851 1436 1020 1497 L'Editore
1041 1437 1105 1498 sie
1135 1456 1220 1514 preso
1241 1456 1305 1497 una
1338 1436 1403 1497 sola
1433 1435 1562 1508 liberta,

516 1533 618 1610 quello
639 1533 705 1593 cioe
726 1533 758 1592 di
778 1551 917 1610 separare
937 1533 989 1594 dal
1011 1535 1099 1605 testo,
1122 1553 1137 1594 e
1159 1533 1190 1592 di
1217 1535 1371 1610 stampato
1398 1533 1432 1594 in
1455 1535 1563 1592 caral-

516 1635 578 1692 tere
598 1631 717 1691 corsIvo
732 1630 974 1691 l’introduzione
989 1633 1132 1708 prepoeia
1146 1631 1294 1708 all'opera
1308 1630 1356 1691 del
1372 1630 1564 1691 Traduttore

517 1727 679 1806 Siciliam,
701 1727 939 1788 intitolandola:
963 1728 1107 1787 Asnam
1130 1727 1274 1788 Eooenm
1292 1727 1405 1790 emon
1427 1745 1462 1786 m
1477 1726 1563 1786 Pro·

518 1842 642 1884 ramosi
674 1824 822 1885 Ormoan
845 1824 1048 1898 Parmenio,
1080 1825 1103 1884 il
1135 1825 1225 1901 quale
1256 1825 1348 1885 titolo
1379 1844 1444 1885 non
1471 1823 1499 1884 si
1520 1823 1564 1883 ri·

517 1925 640 1982 econtra
660 1922 711 1981 nsi
731 1921 930 1982 manuscritti
950 1920 998 1981 del
1020 1921 1109 1982 libro.

438 2073 518 2150 Pop.
542 2070 648 2143 XVII,
672 2071 727 2132 llo.
752 2071 781 2131 2.
803 2107 843 2118 -
863 2071 995 2148 Veggasi
1015 2071 1099 2133 nella
1119 2071 1311 2150 Proforloae
1337 2071 1400 2134 alla
1426 2090 1499 2150 pag.
1524 2072 1562 2130 3:

521 2191 536 2232 r
559 2170 781 2232 Verumtamen
803 2169 882 2246 quia
898 2169 1043 2230 universa
1065 2169 1243 2246 linguarum
1268 2189 1378 2249 genera
1400 2169 1565 2248 proprium

520 2290 534 2326 e
557 2268 673 2330 habent
693 2267 820 2340 idioma,
843 2271 872 2327 et
894 2267 1022 2328 alterius
1051 2267 1085 2327 in
1107 2268 1238 2329 alterum
1268 2269 1445 2340 translatio,
1476 2267 1564 2328 fideli

520 2387 535 2425 e
558 2365 692 2426 maxime
707 2363 880 2442 interpreti,
896 2366 1016 2425 nonest
1031 2363 1145 2436 facilis,
1160 2368 1190 2425 et
1205 2365 1382 2444 praesertim
1398 2365 1564 2426 arabicam

519 2485 533 2522 r
556 2462 589 2523 in
609 2479 751 2538 graecam
772 2463 828 2522 aut
859 2461 991 2522 latinam
1018 2461 1184 2522 transferre
1210 2463 1337 2534 volenti,
1365 2465 1454 2524 tanto
1476 2461 1563 2524 diffi-

519 2559 647 2620 ecilius
668 2563 725 2631 cst,
747 2561 865 2637 quanto
886 2558 986 2619 maior
1011 2559 1174 2620 diversitas
1203 2561 1282 2620 inter
1312 2560 1402 2632 illas,
1433 2565 1501 2620 tom
1528 2559 1561 2618 in

519 2678 534 2716 c
556 2654 655 2717 verbis
677 2660 707 2715 et
727 2654 923 2728 nominibus,
941 2675 1035 2734 quam
1056 2657 1089 2716 in
1111 2657 1237 2718 litterali
1264 2657 1488 2736 compositione
1516 2676 1562 2718 re·

432 2761 435 2768 '
520 2777 534 2815 ‹
556 2754 691 2833 peritur3
714 2753 795 2813 unde
816 2753 891 2830 quia
912 2753 945 2813 in
965 2753 1024 2814 hoc
1040 2747 1128 2832 opere
1142 2755 1293 2831 quaedam
1314 2754 1393 2815 forte
1408 2774 1472 2815 non
1488 2774 1565 2834 ma-

518 2874 533 2911 e
555 2852 663 2914 nifeste
683 2855 844 2929 apparent,
866 2850 996 2928 dignum
1017 2852 1092 2912 duxi
1113 2851 1318 2913 intentionem
1339 2854 1497 2927 auctoris,
1522 2851 1563 2914 ab

519 2971 534 3009 a
557 2948 682 3010 arabico
702 2947 781 3009 libro
808 2947 978 3010 evidentius
1006 2948 1214 3022 intellectam,
1242 2949 1375 3011 breviter
1400 2969 1563 3027 exponere,

520 3069 535 3108 s
557 3050 592 3108 ut
613 3046 777 3108 lectoribus
798 3046 851 3108 via
873 3046 969 3108 levior
989 3045 1143 3108 efficiatur
1165 3072 1194 3109 a.

439 3199 520 3275 Pap.
544 3195 665 3270 xvm,
690 3197 744 3261 rra.
768 3197 817 3256 ao.
841 3233 880 3241 -
894 3196 940 3256 m
955 3196 1149 3274 Prosperina
1167 3196 1199 3257 or
1214 3181 1356 3270 neeriae,
1371 3197 1455 3258 nsua
1470 3196 1565 3275 quare

520 3295 546 3354 si
567 3297 664 3355 tratta
685 3294 717 3354 di
738 3293 837 3373 quelle
858 3313 937 3366 cose,
959 3292 1016 3354 che
1038 3312 1090 3370 per
1110 3295 1199 3371 raggi
1220 3293 1320 3355 diritti
1352 3295 1379 3354 si
1400 3313 1559 3372 veggono:

517 3395 546 3453 et
566 3390 598 3451 di
618 3391 727 3470 quelle,
744 3390 799 3451 che
814 3409 872 3451 eon
886 3390 973 3467 raggi
987 3389 1101 3450 reliessi
1111 3391 1187 3450 nelli
1202 3388 1329 3468 speoehi
1342 3391 1560 3469 apparisoono.

518 3489 668 3549 Tradotta
698 3488 749 3548 dal
782 3487 823 3546 R.
845 3488 882 3549 P.
916 3485 960 3545 M.
995 3486 1132 3564 Egnatio
1162 3487 1260 3549 Danti
1292 3488 1483 3566 cosmograio
1502 3488 1563 3575 ¹ciel

517 3587 621 3647 Seren.
645 3586 731 3646 Gran
753 3584 844 3645 Duea
865 3585 897 3645 di
918 3583 1096 3646 Tosoana...
1126 3603 1189 3646 ecc.
1212 3604 1302 3646 ecc...
1335 3586 1374 3647 In
1407 3586 1562 3648 Fiorenaa

518 3699 695 3754 nonxxm,
718 3683 810 3742 in-40.

563 3837 641 3903 Vool
670 3841 736 3901 cllo
754 3840 876 3918 poploe
897 3842 952 3900 96:
977 3840 1148 3902 Theorema
1174 3839 1433 3902 decimosetlimo:
1468 3839 1561 3919 Negli

517 3933 643 4019 speochi
663 3937 787 3999 rotondi
813 3938 886 4014 qual
906 3937 934 3998 si
964 3936 1068 4015 voglia
1094 3957 1165 3999 cosa
1185 3937 1306 3999 visibile
1332 3938 1359 3999 si
1384 3938 1457 3999 vade
1477 3937 1562 4000 nella

517 4037 600 4098 linea
619 4039 710 4111 retta,
734 4035 790 4096 ohe
811 4034 895 4096 dalla
917 4053 988 4096 cosa
1008 4034 1130 4096 visibile
1144 4055 1184 4096 va
1204 4035 1235 4096 al
1257 4037 1361 4097 centro
1382 4036 1462 4096 dello
1476 4054 1561 4114 spec·

520 4133 606 4205 chio;
628 4151 709 4194 coma
737 4137 833 4193 orecte
853 4133 879 4194 ll
901 4131 1070 4194 'Iheorema
1098 4132 1316 4206 decimottavo,
1340 4137 1393 4194 cte
1414 4149 1561 4194 coracem

519 4231 564 4314 ple·
585 4231 704 4310 epocom‘
729 4231 867 4292 coaooor'.
