3512 5456
1272 614 1329 680 itt

262 750 281 794 a
306 730 447 804 dextris,
475 747 589 792 rursus
617 729 782 794 videbitur
803 747 823 792 a
843 728 1009 804 sinistris,
1039 737 1072 794 et
1098 729 1228 810 quoda
1251 726 1331 788 sini-

262 842 348 915 stris,
361 841 527 905 videbitur
542 858 560 902 a
577 839 712 920 destris3
728 838 897 920 longitudo
915 846 1023 901 autem
1039 839 1203 903 videbitur
1215 835 1332 912 maior,

263 962 294 1016 et
321 953 409 1032 quod
438 968 590 1026 sursum,
620 968 772 1024 sursum,
796 956 827 1012 et
849 950 938 1029 qnod
961 951 1138 1025 deorsum,
1165 949 1331 1014 deorsum.

264 1064 343 1128 Cum
373 1068 482 1126 autem
513 1063 620 1129 forma
649 1061 767 1126 debeat
798 1068 931 1141 propter
959 1062 1198 1126 concavitatem
1227 1057 1333 1122 videri

264 1175 349 1238 inter
376 1173 545 1257 speculum
575 1181 606 1236 et
634 1173 762 1248 visum,
792 1189 868 1236 oum
898 1172 997 1235 inerit
1024 1171 1196 1251 longitudo
1217 1170 1265 1233 rei
1287 1169 1333 1233 vi·

230 1367 234 1374 ⁴
264 1285 390 1348 dandae
413 1285 562 1365 opposita
583 1285 690 1347 lineae
713 1282 838 1365 speculi
858 1300 978 1346 ourvae
1002 1283 1172 1364 apparebit
1193 1281 1333 1354 brevior,

265 1403 298 1458 at
320 1397 408 1476 quod
432 1413 575 1470 sursum,
597 1413 740 1469 sursum,
756 1400 788 1457 ot
803 1395 891 1473 quod
913 1395 1078 1470 deorsum,
1096 1395 1263 1457 deorsum.
1278 1391 1336 1454 La-

265 1507 370 1570 titudo
400 1513 509 1570 autem
536 1507 733 1586 quandoque
762 1504 930 1585 apparebit
951 1504 1059 1568 maior
1081 1513 1113 1567 et
1136 1503 1333 1584 quandoque

267 1616 391 1692 minor,
419 1623 451 1680 et
480 1618 676 1697 quandoque
703 1616 892 1679 moderatae
916 1616 1124 1696 quantitatis,
1153 1621 1186 1680 et
1206 1612 1336 1694 quoda

265 1725 384 1790 destris
406 1727 568 1791 videbitur
591 1745 610 1790 a
631 1727 767 1802 dextris,
791 1733 822 1790 et
843 1727 931 1808 quod
947 1745 966 1789 a
984 1726 1127 1790 sinistris
1147 1730 1166 1789 a
1183 1723 1334 1788 sinistris.

266 1838 329 1904 Sed
349 1856 424 1902 num
445 1837 581 1902 latitudo
603 1838 702 1902 fuerit
724 1837 873 1920 opposita
893 1837 1002 1902 lineae
1025 1833 1155 1913 curvae,
1170 1835 1336 1899 videbitur

268 1950 393 2024 minor,
423 1956 455 2012 et
483 1944 591 2012 dextra
617 1949 764 2023 sinistra,
795 1954 828 2012 et
852 1948 985 2010 sinistra
1013 1948 1143 2025 dextra3
1164 1945 1336 2028 longitudo

268 2065 377 2122 autem
408 2060 573 2122 videbitur
606 2055 803 2139 quandoque
835 2035 1033 2122 moderatae¹
1054 2056 1269 2139 quantitatis,
1302 2067 1335 2120 et

268 2171 465 2250 quandoque
486 2169 592 2233 maior
615 2177 647 2233 et
668 2169 864 2250 quandoque
886 2169 1031 2242 brevior,
1052 2175 1084 2231 et
1101 2169 1190 2250 quod
1204 2183 1337 2232 sursum

271 2281 436 2356 deorsum,
460 2289 492 2344 et
514 2281 602 2361 quod
623 2282 779 2368 deorsum
801 2298 945 2343 sursum.

311 2391 516 2456 Generaliter
545 2399 654 2454 autem
684 2393 718 2454 in
749 2391 904 2454 omnibns
933 2389 1070 2464 formis,
1098 2407 1182 2469 quae
1203 2387 1337 2453 suntin

269 2501 409 2582 speculis
438 2502 648 2583 compositis,
678 2503 764 2563 flunt
792 2502 864 2565 lona
893 2500 1117 2564 translationis
1139 2500 1175 2562 in
1199 2505 1274 2562 ante
1305 2506 1338 2562 et

269 2621 354 2676 retro
373 2613 508 2685 diversa,
527 2631 566 2676 eo
586 2601 673 2692 quod
689 2612 851 2691 quaedam
867 2629 981 2675 eornm
996 2618 1073 2674 sunt
1088 2609 1338 2692 propinquiora,

270 2731 302 2786 et
330 2721 492 2802 quaedam
515 2723 711 2796 remotiora,
740 2729 772 2785 et
793 2739 859 2784 non
882 2721 972 2802 fiunt⁸
988 2721 1171 2784 secundum
1200 2718 1337 2786 transla-

271 2835 407 2908 tionem,
440 2851 522 2913 quae
552 2833 588 2894 fit
615 2833 650 2896 in
673 2833 769 2896 rebus
794 2839 880 2896 rente
906 2833 1074 2908 videndis,
1102 2849 1162 2894 neo
1191 2831 1275 2894 sicut
1301 2830 1340 2894 lit

270 2945 303 3006 in
320 2945 430 3019 rebus,
446 2961 585 3023 quarum
601 2961 715 3006 omnes
733 2950 842 3023 partes
859 2923 1213 3028 apparent,secundum
1232 2939 1340 3006 maius

271 3055 447 3118 etminus.
1120 3035 1121 3040 ’

311 3167 361 3228 Fit
390 3166 489 3229 etiam
518 3165 690 3245 speculum
719 3182 757 3228 ex
786 3163 976 3246 pyramide,
1006 3173 1038 3228 et
1060 3164 1164 3227 forma
1185 3181 1270 3243 quae
1292 3169 1341 3227 est

271 3277 304 3338 in
336 3294 394 3350 eo,
424 3273 557 3338 habehit
585 3283 718 3339 acutum
746 3274 927 3356 angulum,
958 3291 1035 3337 oum
1065 3273 1206 3336 visibilis
1228 3273 1340 3338 radius

271 3387 358 3450 inira
379 3387 534 3450 oeoiderit
555 3403 655 3466 super
676 3403 769 3465 eam;
799 3387 836 3465 iit
858 3385 950 3448 enim
979 3403 1016 3448 ex
1046 3384 1282 3465 compositione
1304 3383 1342 3447 li·

273 3515 410 3561 nearum
439 3505 605 3561 rectarum
634 3503 665 3560 et
693 3513 922 3560 oonoavarum.
956 3496 1005 3558 Fit
1032 3503 1143 3559 eutem
1169 3493 1341 3576 speculum

272 3609 307 3672 in
330 3607 498 3690 pyramide
521 3609 560 3672 ah
584 3608 734 3671 exteriori
756 3615 846 3689 parte
863 3625 901 3670 ex
917 3607 1155 3687 compositione
1177 3607 1342 3670 linearum

273 3726 435 3784 rectarum
465 3725 498 3783 et
525 3737 718 3794 curvarum,
751 3719 837 3782 siout
868 3717 1087 3800 exposuimus.
1122 3693 1343 3780 Constitustur

272 3830 455 3912 speculum,
478 3828 564 3892 inira
582 3829 670 3910 quod
684 3830 775 3892 visus
791 3829 894 3904 eadat,
911 3836 943 3893 et
956 3836 1024 3892 esto
1041 3827 1150 3892 simile
1166 3825 1341 3910 pyramidi,

275 3941 371 4005 ouius
392 3940 581 4021 triangulus
605 3942 648 4004 sit
668 3941 738 4019 obp
762 3939 825 4020 (fig.
844 3938 914 4017 74),
938 3945 971 4002 et
991 3940 1059 4002 axis
1082 3939 1235 4013 eiusad,
1257 3943 1289 4002 et
1301 3937 1344 4001 sit

273 4069 373 4134 super
393 4052 440 4116 od
468 4060 610 4134 punctus
632 4069 660 4127 e,
689 4052 796 4130 sitque
823 4050 914 4113 visus
944 4067 1043 4130 super
1064 4043 1157 4113 axem
1180 4051 1245 4123 od,
1268 4065 1344 4112 cum

272 4163 371 4229 fuerit
384 4163 569 4248 producta,
591 4163 626 4226 in
649 4169 770 4244 punoto
793 4179 832 4239 z,
856 4167 887 4226 et
909 4161 1108 4254 refringatur
1130 4161 1343 4226 intersere
