3550 5452
438 586 478 650 tt

435 715 522 779 quae
542 696 694 778 pervenit
721 697 762 760 ad
790 701 961 772 emirum,
994 713 1104 776 neque
1126 697 1213 762 inter
1234 673 1346 762 radios
1365 697 1510 762 eircum-
1571 785 1580 806 .

435 809 552 872 dantes
578 814 611 871 et
632 806 744 871 radios
771 808 927 872 uadentes
947 823 1047 888 super
1067 805 1202 888 planam
1224 807 1452 889 superficiem,
1476 809 1512 871 in
1627 843 1631 850 ·

437 937 503 1000 qua
525 926 575 983 est
594 919 700 993 linea,
723 926 756 984 et
777 937 864 1000 quae
878 919 1026 983 eontinet
1040 937 1111 982 rem
1129 918 1322 994 videndam,
1340 927 1421 985 tuno
1437 937 1513 1000 ergo

356 1038 358 1042 '
436 1047 504 1094 nen
525 1029 666 1093 sentitur
685 1031 850 1102 ourvitss,
877 1029 945 1093 nisi
966 1036 1004 1092 ut
1025 1028 1124 1110 plana
1143 1029 1346 1112 superfloies.
1381 1031 1515 1096 ntideo

439 1159 507 1204 non
529 1140 679 1205 videmus
701 1140 907 1204 latitudinem
931 1157 1044 1203 rerum
1066 1139 1156 1204 diseo
1172 1137 1351 1216 similium,
1372 1157 1449 1204 oum
1470 1142 1517 1205 ita

437 1251 561 1314 luerint
582 1251 723 1332 positae,
746 1259 783 1315 ut
804 1251 997 1332 superfioies
1019 1267 1134 1314 earum
1156 1251 1333 1331 produetae
1346 1257 1517 1316 transeant

440 1379 499 1441 per
529 1369 627 1442 eaput
653 1360 792 1424 visibilis
819 1361 1019 1442 pyramidis,
1047 1360 1107 1424 sed
1132 1361 1290 1442 apparent
1310 1361 1406 1426 nobis
1428 1363 1517 1442 quod

438 1471 507 1534 sint
526 1471 634 1536 lineae
655 1478 772 1536 reatae.
796 1470 954 1536 Similiter
968 1471 1070 1534 etiam
1085 1487 1201 1534 omnes
1216 1470 1407 1552 superficies
1422 1489 1518 1552 appa·

439 1581 558 1644 rebunt
578 1581 698 1656 lineae,
712 1588 745 1646 et
760 1581 850 1646 linea
862 1587 951 1645 reeta
964 1587 1121 1661 punctus,
1137 1599 1215 1644 oum
1230 1580 1410 1662 productae
1425 1588 1516 1646 tran-

414 1701 416 1706 ’
439 1691 556 1756 sierint
577 1709 637 1772 per
658 1699 755 1772 eaput
776 1691 969 1773 pyramidis.
991 1691 1118 1756 Rursus
1140 1708 1218 1755 oum
1239 1691 1347 1772 figura
1366 1691 1458 1756 diseo
1477 1693 1518 1754 si-

439 1801 530 1864 milis
551 1802 652 1866 luerit
676 1819 778 1883 prope
809 1803 1024 1882 aspicientem
1046 1802 1213 1884 exposita,
1242 1807 1278 1866 ut
1299 1801 1517 1878 dictumest,

439 1903 602 1976 videbitur
623 1929 739 1990 ourva;
766 1918 798 1976 et
825 1930 903 1976 oum
929 1911 1023 1977 valde
1045 1917 1172 1976 remota
1198 1911 1320 1990 luerit,
1349 1913 1518 1996 apparebit

416 2021 651 2099 ramalium,
675 2041 714 2088 aa
736 2022 777 2086 de
799 2040 901 2088 eausa
922 2039 1023 2103 quam
1046 2022 1271 2104 exposuimus.

481 2133 545 2198 Sed
572 2151 651 2196 oum
676 2132 869 2215 superficies
891 2152 960 2197 non
982 2133 1105 2197 luerint
1126 2133 1295 2214 oppositae
1318 2132 1426 2209 visui,
1456 2151 1518 2198 neo

440 2244 618 2325 pmduotae
650 2244 842 2307 transierint
869 2261 929 2324 per
959 2249 1057 2325 eaput
1084 2243 1296 2324 pyramidis,
1319 2244 1517 2308 videbuntur

440 2354 576 2432 quidem
598 2353 792 2433 superfloies
815 2371 901 2431 esse;
924 2351 1050 2434 figurae
1073 2358 1183 2416 autem
1206 2371 1321 2418 earum
1343 2373 1412 2418 non
1433 2355 1519 2418 vide·

440 2464 564 2526 buntur
586 2462 714 2526 similes
735 2463 812 2539 his,
837 2479 922 2544 quas
944 2461 1031 2526 visui
1053 2469 1148 2526 erant
1169 2464 1348 2544 oppositae.
1379 2464 1516 2544 Figurae

438 2573 539 2653 igitur
561 2574 740 2654 quadratae
763 2581 796 2637 et
817 2573 932 2636 oirouli
948 2573 1152 2654 apparebunt
1167 2573 1207 2636 de
1223 2574 1355 2638 diversa
1371 2572 1516 2654 longitu-

440 2683 537 2758 dine,
567 2684 726 2763 quoniam
757 2667 900 2747 laterum
927 2689 959 2747 et
985 2683 1222 2748 diametrorum
1244 2682 1437 2763 aequalium
1459 2683 1519 2747 illa

441 2811 526 2874 quae
554 2799 663 2858 erecta
688 2800 767 2857 sunt
787 2809 887 2874 super
909 2793 1058 2858 medium
1081 2793 1212 2857 radium
1234 2792 1324 2858 oouli
1347 2795 1517 2858 admotos

323 2989 329 2996 ἰ
439 2903 587 2984 angulos,
601 2904 805 2967 subtendunt
819 2904 980 2968 maiorem
997 2903 1159 3000 angulum
1174 2921 1277 2985 quam
1292 2902 1402 2980 illum,
1419 2919 1517 2983 quem

439 3016 645 3079 subtendnnt
667 3013 838 3096 proclivia,
861 3022 894 3078 et
914 3015 1002 3094 quod
1024 3031 1125 3095 prope
1140 3021 1205 3091 est,
1222 3015 1398 3079 subtendit
1414 3015 1518 3078 maio·

440 3141 511 3188 rem
541 3125 723 3205 angulum,
752 3141 853 3216 quam
881 3125 915 3188 id
944 3125 1111 3206 quodest
1132 3124 1293 3206 alonge,
1316 3131 1349 3190 et
1371 3143 1516 3208 quorum

439 3235 725 3314 augmentationes
748 3236 891 3298 existunt
907 3233 1090 3308 sensibiles,
1107 3242 1140 3299 et
1157 3235 1281 3298 fuerint
1296 3235 1332 3296 in
1351 3235 1515 3299 distantiis

439 3344 631 3419 moderatis,
647 3352 807 3425 apparent
820 3345 956 3409 maiora.
979 3345 1154 3410 Diversitas
1168 3345 1305 3426 quidem
1317 3345 1513 3410 huiusmodi

438 3455 713 3534 imaginationum
731 3455 769 3519 fit
785 3473 887 3520 eausa
901 3457 986 3520 situs
1001 3456 1182 3537 figurarum
1198 3463 1231 3520 et
1245 3457 1420 3520 distantiae
1434 3456 1517 3536 aspi-

438 3565 618 3641 cientium,
647 3566 707 3630 sed
728 3565 936 3647 impossibile
958 3574 1008 3631 est
1029 3568 1213 3631 seeundum
1234 3585 1341 3632 unum
1363 3567 1515 3632 habitum

440 3675 530 3751 llari,
552 3677 609 3754 qui
631 3683 759 3740 oonstet
780 3695 819 3742 ex
839 3677 1076 3757 imaginatione
1100 3676 1261 3740 omnium.

481 3787 524 3848 Ao
545 3786 575 3848 si
598 3787 673 3867 quis
696 3786 803 3850 multa
824 3788 902 3857 inda
932 3789 973 3851 ad
1001 3787 1144 3851 invicem
1172 3793 1298 3868 quanto
1325 3787 1431 3874 magis
1458 3805 1515 3852 er-

440 3897 561 3976 quisite
590 3914 789 3977 componere
815 3905 1010 3974 conaretur,
1040 3898 1198 3962 naturalis
1221 3898 1356 3980 quidem
1377 3915 1515 3980 oompo·

394 4043 396 4048 ,
439 4006 517 4070 sitio
538 4007 629 4071 visus
651 4025 706 4072 res
737 4013 787 4070 est
808 4008 971 4072 mirabilis
999 4008 1035 4070 in
1063 4021 1143 4072 oasu
1169 4026 1253 4084 suo,
1282 3997 1341 4089 qui
1367 4009 1514 4072 ordinate

440 4115 478 4179 iit
500 4130 577 4182 oum
598 4117 788 4184 extensione
812 4135 890 4198 sua,
913 4124 947 4185 et
968 4119 1186 4186 sensibilitate
1209 4136 1310 4202 quam
1328 4119 1458 4183 exhibet
1471 4117 1517 4182 vi-
