3550 5452
1289 574 1328 635 55

252 688 410 758 11111,οι
425 681 514 764 quod
528 699 615 764 aqua
631 699 699 746 non
714 688 894 758 moveatur,
909 685 1066 762 quoniam
1082 689 1191 748 motus
1207 699 1324 763 aquae,

236 810 351 884 *super
378 809 480 872 quam
509 791 646 856 visibilis
677 791 791 855 radius
821 792 909 855 cadit
938 791 980 855 ad
1009 793 1172 856 diversam
1201 800 1339 874 partem,

174 986 181 995 ·
252 919 354 982 quem
373 901 484 979 iilam,
507 902 549 965 ad
571 882 672 982 quam
693 908 828 982 putatur
849 901 942 966 navis
965 903 1109 977 moveri,
1127 883 1266 984 ¹apparet
1288 919 1326 966 ex

253 1011 440 1077 diversitate
464 1029 550 1093 quae
567 1018 617 1076 est
630 1011 718 1074 inter
732 1011 876 1074 colorem
892 1012 985 1075 navis
1002 1019 1035 1076 et
1049 1013 1194 1076 colorem
1211 1029 1328 1092 aquae.

252 1120 427 1184 Diversitas
455 1127 588 1194 autem,
616 1137 702 1199 quae
724 1119 762 1182 tlt
783 1138 822 1182 ex
842 1125 937 1184 motu
963 1122 1108 1201 partium
1136 1120 1324 1202 superficiei
1391 1135 1399 1148 ·

255 1245 360 1310 aquae
382 1227 454 1294 solo
477 1247 545 1292 non
567 1235 655 1308 patet
675 1230 792 1293 sensui
819 1235 953 1310 proptor
974 1229 1230 1294 similitudinem
1252 1247 1328 1310 par-

253 1339 337 1402 tium
364 1339 554 1420 superficiei
583 1347 615 1401 at
642 1337 898 1402 similitudinem
925 1337 1047 1402 coloris
1070 1339 1165 1416 eius;
1194 1345 1329 1420 propter

254 1448 439 1512 motionem
458 1464 547 1536 vero
581 1446 667 1510 radii
699 1447 840 1510 visibilis
874 1463 973 1527 super
1002 1455 1110 1526 partes
1139 1447 1327 1526 superficiei
1401 1457 1403 1462 '

255 1557 305 1620 rei
331 1557 515 1629 videndae,
545 1562 674 1636 oportet
702 1555 842 1620 alterum
870 1574 989 1620 eorum
1017 1557 1121 1620 videri
1145 1556 1234 1638 quod
1256 1574 1327 1620 mc·

253 1671 368 1740 vetur,
396 1665 467 1728 sive
495 1682 582 1745 equa
609 1664 678 1728 sive
707 1659 814 1729 nevis.
843 1666 923 1728 11111
951 1683 1028 1746 argo
1056 1663 1223 1730 videbitur
1243 1681 1330 1746 aqua
1400 1654 1402 1660 ’

254 1773 350 1854 quasi
382 1773 581 1855 quiescens,
614 1775 712 1837 debet
744 1791 900 1855 apparere
930 1784 1091 1844 motuum
1122 1774 1220 1852 navi3
1249 1791 1327 1844 oum

248 1889 366 1946 autem
396 1859 620 1964 aspexerimus
649 1884 691 1946 ad
718 1899 841 1962 aquam
868 1889 902 1946 et
931 1889 1051 1946 terram
1082 1891 1115 1946 et
1144 1901 1262 1948 navem
1292 1883 1328 1945 in

253 1991 376 2078 simul,
408 2000 441 2056 et
462 1992 674 2073 posuerimus
702 1992 879 2056 inanimo
907 1999 1020 2082 nostro
1049 1991 1140 2072 quod
1168 1999 1256 2056 terra
1283 1993 1327 2055 sit

255 2102 450 2181 quiescens,
478 2101 664 2166 videbimus
692 2119 811 2164 navem
840 2073 1094 2183 quiescentem,
1125 2118 1203 2166 cum
1233 2102 1328 2168 navis

256 2210 414 2292 aspicitur
435 2227 494 2290 per
514 2210 604 2290 ipsos
627 2211 757 2285 radios,
786 2211 908 2290 quibus
931 2217 964 2274 et
985 2217 1121 2286 terram,
1148 2217 1182 2276 et
1201 2211 1339 2290 videbis

253 2337 328 2382 mus
343 2302 471 2398 'aquam
489 2319 632 2393 moveri,
649 2335 725 2381 0111
744 2320 996 2399 cognoverimus
1015 2337 1135 2385 navem
1154 2328 1187 2384 et
1205 2326 1326 2384 terram

257 2429 474 2508 quiescentes.
508 2428 589 2492 Item
612 2429 641 2492 si
663 2428 944 2492 ambulaverimus
967 2429 1001 2490 in
1024 2430 1101 2494 navi
1123 2447 1226 2510 prope
1246 2427 1327 2492 litus

254 2539 290 2600 in
314 2544 464 2618 tempore
486 2538 678 2611 tenebroso,
700 2537 752 2602 vel
773 2537 810 2599 in
834 2537 900 2600 alio
921 2555 1023 2617 quam
1041 2538 1075 2601 in
1096 2540 1189 2614 navi,
1207 2545 1240 2602 et
1257 2553 1326 2602 non

252 2647 494 2727 perceperimus
522 2647 704 2712 motionem
726 2646 777 2710 rei
798 2647 960 2727 portantis
982 2665 1066 2722 nos,
1096 2655 1253 2730 putemus
1275 2627 1329 2712 ar?

254 2757 350 2820 bores
373 2763 406 2819 at
426 2774 480 2819 ras
502 2756 537 2818 in
562 2762 648 2820 terra
669 2755 853 2821 eminentes
882 2757 1030 2836 moperi3
1060 2757 1219 2838 quoniam
1249 2773 1327 2822 cum

253 2864 395 2928 visibilis
417 2865 530 2930 radius
553 2865 764 2939 transfertur,
778 2865 993 2930 ratiocinatur
1008 2867 1097 2946 quod
1112 2885 1165 2930 res
1179 2868 1326 2934 visibiles

253 2974 497 3038 transferuntur
527 2979 659 3055 propter
690 2973 940 3038 translationem
969 2975 1108 3038 visibilis
1139 2976 1233 3040 radii.
1263 2977 1327 3042 lies

254 3089 364 3146 autem
385 3081 536 3146 visibiles
556 3099 635 3146 cum
652 3082 777 3146 luerint
794 3083 939 3155 stabiles,
954 3089 1088 3164 putatur
1101 3085 1191 3163 quod
1206 3093 1326 3158 motus,

253 3191 311 3273 qui
333 3198 482 3272 apparet,
504 3192 604 3256 sitin
628 3190 686 3256 eis.
710 3192 846 3254 Putatur
867 3192 967 3256 etiam
990 3193 1081 3272 quod
1101 3193 1210 3272 ima'gc
1229 3193 1326 3258 faciei

252 3300 400 3380 depictae
420 3301 457 3362 in
480 3299 602 3364 tabulis
624 3300 781 3381 respiciat
806 3319 925 3382 parum
949 3302 989 3364 in
1011 3301 1208 3381 aspicientes
1234 3303 1325 3366 illem

253 3409 325 3473 sine
347 3416 442 3473 motu
462 3410 567 3490 ipsius
588 3410 766 3490 imaginis,
795 3410 953 3492 quoniam
975 3429 1053 3474 vera
1073 3413 1234 3491 respectio
1256 3430 1325 3476 non

251 3518 456 3598 dignoscitur
476 3518 542 3583 nisi
564 3537 622 3600 per
638 3519 851 3607 stabilitatem
870 3520 995 3584 formae
1014 3521 1164 3584 eiusdem
1181 3521 1324 3585 visibilis

251 3627 354 3702 radii,
384 3627 441 3707 qui
471 3627 559 3692 cadit
590 3645 691 3709 super
720 3628 884 3708 depictam
911 3629 1042 3692 faciem.
1070 3629 1220 3694 Visibilis
1247 3648 1324 3710 ergo

252 3753 370 3800 sensus
392 3755 460 3800 non
486 3738 577 3801 novit
600 3737 681 3811 hoc,
706 3737 766 3802 sed
790 3738 952 3818 respectio
978 3737 1013 3800 or
1034 3740 1074 3802 ud
1097 3739 1207 3804 locum
1230 3741 1324 3816 radii,

249 3844 307 3928 qui
322 3853 372 3910 est
385 3846 591 3933 propinquus
607 3847 657 3909 axi
672 3853 811 3920 tantum,
824 3848 986 3927 quoniam
1000 3848 1091 3929 ipsae
1104 3854 1215 3929 partes
1227 3848 1324 3912 faciei

253 3955 460 4035 aspiciuntur
481 3973 540 4036 per
560 3956 671 4018 radios
693 3954 796 4030 visus,
818 3955 876 4034 qni
898 3964 976 4020 sunt
992 3937 1108 4021 ordine
1123 3957 1323 4022 consimiles.

252 4062 332 4126 ilum
361 4056 438 4144 ergo
463 4064 628 4146 aspiciens
654 4063 884 4144 elongabitur,
910 4069 1005 4149 putat
1029 4067 1118 4145 quod
1143 4067 1251 4146 imago
1273 4085 1323 4130 re·

252 4172 367 4253 spiciat
389 4192 483 4251 eum,
507 4191 546 4239 eo
569 4173 776 4254 respiciente.
