3550 5452
1290 619 1331 684 et

255 728 346 792 rbus
368 729 469 794 sentit
490 728 719 797 universaliter
741 728 893 808 quidem,
908 729 938 792 si
953 729 1055 806 loeus,
1071 729 1228 812 adquam
1243 727 1330 795 illud

256 840 345 918 quod
361 846 512 904 movetur
529 839 659 917 transit,
675 838 775 904 fuerit
788 837 1004 915 insensibilis,
1019 855 1082 907 neo
1095 855 1149 902 ras
1164 838 1331 908 ridebitur
1430 911 1433 917 ,

256 967 319 1012 nee
338 949 442 1014 motio
465 949 548 1014 sius.
577 951 615 1016 et
636 948 664 1010 si
687 947 750 1017 boo
772 947 928 1012 aeeiderit
948 949 983 1012 in
1005 965 1208 1032 unoquoque
1230 965 1330 1032 parvo

256 1065 404 1139 tempora
425 1057 588 1134 sensibili,
608 1075 671 1122 neo
686 1059 821 1139 quando
836 1056 901 1124 hoo
916 1057 963 1136 iit,
978 1058 1132 1134 sentitur,
1148 1075 1213 1124 neo
1227 1075 1332 1140 quan·

257 1174 328 1232 tum
350 1167 453 1232 tuerit
473 1168 560 1236 illud
582 1169 623 1238 de
644 1175 816 1250 tempore,
839 1169 930 1250 qnod
950 1174 1088 1236 voratur
1109 1185 1220 1250 nunes
1239 1167 1331 1234 nihil

255 1293 333 1357 ergo
356 1279 433 1344 inde
458 1278 626 1358 apparebit
645 1279 681 1347 in
705 1285 854 1359 tenpore
872 1278 1042 1353 continuo,
1058 1277 1117 1344 sed
1129 1277 1333 1348 videbuntur

254 1388 382 1452 moveri
403 1395 547 1464 tantun,
569 1387 599 1454 si
620 1389 853 1468 praetermisso
874 1406 987 1465 sensu,
1009 1379 1105 1466 aliter
1125 1388 1188 1458 hoo
1208 1389 1331 1458 didioe·
1421 1447 1426 1456 .

255 1498 362 1563 rimus
384 1515 423 1564 en
444 1498 552 1578 primo
574 1515 692 1569 sorum
713 1498 796 1564 loeo

299 1607 602 1678 Demonstravimus
631 1627 708 1689 ergo
736 1608 904 1690 quomode
933 1609 1225 1694 comprehenditur
1253 1627 1331 1676 una·

259 1735 392 1800 quaque
413 1735 527 1784 rerum
548 1718 766 1794 videndarum
789 1736 828 1784 ex
848 1719 1071 1800 passionibus,
1094 1737 1179 1804 quae
1194 1719 1280 1787 liunt
1293 1720 1330 1784 in
1429 1735 1434 1743 ·

257 1828 332 1892 visu
352 1836 386 1894 et
407 1829 648 1905 aooidenlibus,
669 1845 754 1910 qnee
778 1829 859 1910 ipsis
881 1829 1092 1911 passionibus
1114 1829 1280 1908 aooidunt,
1298 1837 1332 1896 et

255 1937 378 2002 suffieit
398 1939 494 2004 nobis
516 1939 606 2019 quod
626 1939 706 2006 inde
726 1940 852 2004 dietum
873 1947 935 2004 eet.
957 1940 1115 2021 Sequitur
1136 1947 1248 2010 autem
1266 1939 1331 2004 hoo

258 2056 296 2121 ut
317 2047 464 2130 aliquam
478 2050 725 2118 distinctionem
740 2067 904 2132 ponamus
919 2051 954 2116 in
970 2050 1230 2133 deeeptionibue,
1245 2067 1330 2134 quae

259 2159 293 2224 in
315 2159 364 2224 eis
386 2160 554 2236 sooidunt,
576 2159 712 2227 atinde
741 2159 908 2248 possimus
936 2159 1063 2231 solvere
1092 2161 1331 2238 dubitationes,

259 2285 343 2348 quse
365 2270 402 2336 in
426 2269 678 2351 quaestionibus
700 2270 855 2336 aonidunt
870 2270 910 2336 de
927 2269 1065 2345 seientia
1079 2270 1276 2354 optinorum.
1297 2274 1333 2334 ut

260 2379 340 2460 quia
360 2397 490 2457 sonum,
512 2397 596 2461 quae
618 2381 653 2447 in
675 2382 758 2462 ipsis
772 2381 874 2449 mbos
889 2381 1058 2460 aonidunt,
1074 2381 1237 2463 quaedam
1252 2387 1332 2446 sunt

260 2507 300 2554 en
318 2491 428 2558 nands
451 2491 686 2558 eommunibns
703 2491 868 2558 unverein
882 2492 1047 2568 sensibus,
1064 2499 1097 2560 et
1114 2491 1278 2575 quaedam
1293 2509 1332 2556 ex

258 2600 365 2666 enims
381 2600 465 2666 visui
480 2602 620 2682 propriis
634 2602 670 2669 in
685 2602 767 2684 ipsis
780 2603 880 2672 rebus
892 2617 977 2684 quae
989 2603 1153 2679 videntur,
1165 2602 1331 2686 quaedam

260 2716 338 2776 vero
356 2710 394 2774 in
414 2711 504 2788 visu,
528 2719 561 2778 et
583 2712 746 2794 quaedam
763 2712 801 2778 in
815 2719 942 2791 ments,
957 2711 1097 2802 dignuin
1114 2719 1164 2776 est
1179 2710 1267 2790 illud
1284 2710 1333 2774 di·
1447 2703 1463 2722 ⁸

258 2819 366 2884 marni
388 2828 420 2886 et
441 2821 550 2890 disere
573 2823 612 2888 de
634 2822 907 2904 deceptionibus,
933 2839 1019 2905 quae
1044 2829 1124 2890 sunt
1144 2819 1223 2895 illae
1245 2837 1330 2902 qnae

259 2929 343 2994 flent
364 2930 400 2996 in
421 2932 495 3011 ipso
517 2947 636 3010 sensu,
658 2939 691 2996 st
711 2949 797 3012 quoe
814 2933 900 3016 flunt
913 2931 950 2996 in
967 2931 1179 2998 arbitratione
1197 2931 1330 2996 mentis.

299 3041 338 3106 in
361 3039 413 3106 his
436 3041 541 3116 eninr.
563 3058 647 3122 quae
668 3037 835 3110 universis
857 3041 1012 3115 sensibus
1029 3057 1141 3109 eoram
1159 3047 1248 3120 sunt,
1261 3057 1330 3107 non

258 3150 356 3216 debet
375 3151 462 3216 naui
485 3151 605 3220 nonni
626 3151 775 3230 fullaola3
804 3157 939 3233 apparet
960 3151 1052 3219 enim
1073 3150 1110 3217 ln
1132 3151 1180 3220 eis
1203 3149 1331 3240 aliquid

259 3279 298 3324 ex
317 3261 382 3337 bis,
404 3279 488 3342 quae
509 3262 695 3328 emendum
716 3261 904 3329 naturalem
925 3278 1062 3326 sursum
1083 3260 1170 3327 fiunt
1194 3260 1230 3326 in
1256 3260 1332 3326 uni-

257 3372 411 3436 versitate
438 3371 544 3454 ipsius
572 3371 773 3449 assidentis,
802 3377 836 3439 st
861 3355 1052 3439 insanimus
1079 3369 1191 3454 plures
1213 3387 1330 3439 musas

259 3498 374 3546 eorum
393 3481 468 3548 tisri
489 3499 529 3547 ex
549 3489 727 3564 augmento
749 3489 782 3573 et
803 3481 1001 3558 minutione,
1017 3497 1101 3562 quae
1118 3480 1205 3546 flunt
1219 3498 1256 3547 ex
1270 3479 1331 3544 vin

258 3597 326 3656 tute
347 3591 512 3670 sensibili,
534 3598 593 3659 aut
619 3609 658 3656 en
683 3591 927 3668 diversitatibus
956 3608 1042 3672 quae
1070 3591 1157 3660 fiunt
1184 3591 1219 3661 in
1247 3590 1329 3674 ipsis

258 3701 358 3766 rebus
384 3701 617 3779 sensibilibus,
647 3719 725 3770 eum
753 3702 855 3773 fuerit
883 3701 1087 3784 comparatio
1116 3702 1158 3768 ed
1184 3701 1329 3775 invisent

257 3811 355 3887 taeta,
376 3813 431 3878 vel
451 3811 555 3880 alteru
576 3812 677 3882 naut
696 3813 738 3876 nd
759 3811 846 3879 latus
869 3811 1005 3881 alterius
1026 3810 1151 3894 posita,
1174 3812 1261 3886 siout
1274 3827 1329 3876 ao·

256 3921 337 3984 uidit
363 3923 399 3984 in
428 3921 568 3990 sobntia
595 3921 781 4003 optinorum
804 3913 1112 4005 da‘oomparations
1133 3920 1263 3990 virtutis
1286 3919 1329 3986 ad

257 4031 410 4107 innuen,
431 4039 470 4098 ut
490 4032 669 4112 quomodo,
688 4049 756 4113 qua
776 4031 816 4104 de
839 4047 938 4106 eausa
959 4031 1093 4103 eundern
1114 4045 1168 4096 res
1189 4029 1330 4108 eandem

257 4139 449 4210 dbtendun
463 4141 624 4211 habentes
640 4140 777 4225 quidum
791 4141 914 4220 rident,
928 4140 1108 4222 etquidem
1122 4157 1190 4218 noo
1205 4139 1329 4219 rident.
