3520 5466
423 506 463 572 ts

419 617 494 682 ideo
516 633 575 698 per
597 615 930 681 ordinationesoitus
952 615 1125 680 radiorum
1147 616 1335 706 factasunt
1357 617 1500 682 manite-

421 728 537 802 stiora,
560 728 721 808 quoniam
752 726 919 808 oppositio
954 745 1071 792 eorum
1099 746 1167 790 non
1190 728 1228 790 fit
1249 745 1365 791 versus
1389 729 1504 792 omnia

347 847 350 850 “
421 837 496 902 loca
516 837 728 918 singulorum
755 843 979 918 punctorum,
1002 837 1061 918 qui
1085 855 1185 918 snper
1206 845 1307 918 caput
1328 821 1503 918 videntum

421 948 571 1028 alioquin
602 947 766 1011 accideret
791 947 908 1028 utiquo
941 947 1031 1011 idem
1059 947 1163 1010 videri
1190 949 1280 1026 quod
1309 967 1443 1012 sursum
1470 956 1504 1013 et

422 1059 512 1138 quod
534 1060 712 1132 deorsum,
735 1065 769 1120 et
791 1059 881 1139 quod
903 1077 923 1121 a
946 1057 1065 1120 dextris
1089 1064 1122 1120 et
1144 1058 1235 1136 quod
1256 1078 1276 1122 a
1297 1059 1450 1133 sinistris,
1471 1067 1505 1122 ct

420 1187 596 1251 nunquam
618 1175 789 1250 appareret
817 1168 865 1231 rei
894 1168 978 1232 situs
1009 1167 1222 1244 terminatus,
1251 1175 1309 1232 aut
1333 1177 1505 1250 appareret

423 1279 534 1344 omnis
556 1279 642 1342 situs
665 1277 874 1360 simpliciter.
963 1332 969 1338 ,
1306 1282 1309 1286 ’

466 1391 592 1454 Rursus
609 1408 709 1453 omne
723 1407 843 1476 corpus
859 1397 995 1470 apparet
1008 1389 1043 1452 in
1061 1408 1128 1452 uno
1143 1389 1217 1454 loco
1234 1408 1253 1453 a
1266 1388 1426 1454 lateribus
1440 1389 1502 1466 illi,

422 1502 482 1581 qui
506 1500 624 1582 aspicit
645 1517 722 1562 cum
744 1518 812 1563 uno
835 1497 932 1563 oculo
956 1506 1105 1578 tantum,
1132 1500 1306 1582 aspicienti
1328 1519 1405 1565 vero
1428 1519 1505 1564 cum

419 1611 554 1674 ‘duobus
584 1609 692 1675 oculis
721 1609 853 1672 videtur
873 1611 909 1672 in
933 1629 1000 1673 uno
1022 1609 1116 1684 loco,
1145 1609 1174 1674 si
1197 1629 1265 1674 una
1288 1612 1506 1691 comprehen-

422 1722 508 1786 derit
536 1720 621 1784 illud
650 1738 728 1783 cum
757 1718 860 1784 radiis
891 1719 1148 1794 consimilibus,
1176 1721 1235 1802 qui
1255 1719 1412 1785 videlicet
1444 1723 1505 1786 ha·

420 1832 502 1894 hent
522 1831 558 1894 in
581 1848 785 1912 unoquoque
808 1837 960 1893 utrarum
983 1831 1196 1912 pyramidum
1211 1830 1413 1911 positionem
1428 1851 1505 1896 ocn-

424 1940 573 2006 similem
596 1948 629 2004 et
651 1939 826 2021 aequalem
849 1947 1000 2022 respectu
1021 1941 1148 2022 proprii
1171 1941 1239 2004 axis
1262 1941 1336 2020 sui3
1360 1944 1450 2023 quod
1471 1943 1508 2004 tlt

423 2051 557 2134 qnando
582 2069 656 2114 axes
675 2029 825 2114 utrarum
842 2050 1055 2131 pyramidum
1069 2051 1274 2113 conveniunt
1289 2069 1391 2132 super
1404 2070 1508 2114 unam

423 2169 455 2226 et
486 2163 629 2226 eandem
658 2179 729 2224 rem
750 2159 962 2235 “videndam
994 2160 1277 2240 quemadmodum
1307 2161 1345 2224 fit
1373 2162 1507 2242 quando

423 2271 604 2353 aspicimus
633 2289 686 2334 res
715 2271 875 2334 videndas
903 2269 1049 2352 simplici
1071 2277 1228 2351 aspectu,
1259 2280 1292 2334 et
1319 2273 1505 2364 secundum

423 2381 513 2463 quod
535 2399 555 2444 a
575 2389 695 2446 natura
723 2381 813 2444 inest
842 2380 939 2444 nobis
969 2381 1117 2462 aspicere
1146 2381 1334 2470 diligenter.
1368 2381 1511 2447 Videtur

423 2509 557 2572 quoque
585 2491 677 2572 quod
703 2499 824 2554 natura
855 2491 931 2555 ideo
963 2491 1076 2571 posuit
1105 2491 1216 2555 visum
1246 2490 1435 2572 duplicem,
1467 2500 1505 2555 ut

425 2601 530 2682 magis
553 2601 763 2681 aspiciamus,
785 2608 887 2682 utque
904 2602 948 2664 sit
962 2602 1052 2664 visus
1074 2609 1188 2666 noster
1204 2602 1377 2666 ordinatus
1394 2609 1426 2666 et
1442 2610 1505 2666 ter·

424 2712 591 2790 minatus;
618 2711 758 2774 insitum
781 2717 833 2774 est
852 2711 951 2774 nohis
973 2711 1169 2775 naturaliter
1191 2713 1231 2776 ad
1255 2712 1401 2776 diversos
1425 2714 1508 2776 situs
1567 2753 1569 2759 ,

423 2840 484 2886 nos
506 2820 640 2886 volvere
662 2820 808 2903 pupillas
830 2821 999 2885 volutione
1022 2821 1171 2885 mirabili
1193 2830 1225 2886 et
1247 2805 1406 2903 diligenti
1423 2823 1510 2886 clam

421 2930 578 3007 elevatas,
600 2950 773 3012 quousque
796 2932 929 3012 utrique
952 2950 1027 2996 ares
1050 2929 1192 2995 insimul
1206 2932 1389 2996 ceciderint
1403 2951 1505 3014 super

424 3041 573 3105 medium
602 3042 753 3124 corporis
784 3041 941 3118 videndi,
969 3049 1002 3106 et
1022 3043 1080 3106 fiat
1103 3043 1255 3123 utrisque
1277 3043 1509 3124 pyramidibus

423 3171 493 3216 una
515 3152 605 3216 basis
628 3153 665 3216 in
687 3153 762 3216 loco
785 3151 1045 3233 contignationis
1064 3171 1179 3216 carum
1195 3169 1272 3215 oum
1293 3171 1329 3216 re
1352 3153 1514 3225 videnda,

349 3301 357 3312 ,
426 3272 460 3330 et
481 3262 583 3327 fuerit
597 3263 777 3325 constituta
793 3280 831 3324 ex
846 3262 1002 3325 omnibus
1018 3260 1120 3324 radiis
1136 3262 1255 3325 ordine
1271 3260 1512 3326 consimilibus.

425 3375 460 3438 Si
475 3391 552 3436 vero
569 3372 776 3452 coegerimus
790 3372 899 3435 visum
915 3371 1014 3436 modo
1031 3370 1181 3453 quolibet
1203 3371 1359 3435 excedere
1374 3389 1510 3434 consue·

423 3485 576 3548 tudinem
598 3501 711 3557 suam,
735 3489 767 3546 et
789 3483 992 3546 divertamus
1008 3500 1088 3545 eum
1104 3481 1145 3546 ad
1169 3481 1269 3544 aliam
1289 3499 1359 3544 rem
1383 3487 1512 3562 praeter

424 3593 536 3668 illam,
559 3609 660 3674 quam
681 3592 792 3656 videre
811 3592 1016 3666 volebamus,
1038 3597 1138 3655 etres
1154 3591 1311 3672 adquam
1328 3591 1506 3664 tendimus,
1536 3591 1542 3600 '

424 3704 525 3768 fuerit
538 3682 707 3768 moderate
722 3702 832 3765 minor
848 3721 949 3782 quam
960 3701 1125 3777 distantia,
1139 3719 1224 3781 quae
1237 3707 1285 3764 est
1297 3701 1384 3764 inter
1397 3700 1510 3764 oculos

424 3823 456 3878 et
477 3813 563 3878 radii
592 3813 765 3876 oculorum
791 3811 947 3887 insimul,
981 3829 1050 3875 non
1079 3811 1195 3892 utique
1227 3809 1279 3872 illi
1307 3810 1366 3892 qui
1395 3811 1512 3874 ordine

425 3933 504 3989 sunt
525 3922 733 3998 consimiles,
750 3922 809 3986 sed
824 3923 881 3986 alii
897 3923 1075 3988 ceciderint
1090 3925 1192 4002 super
1206 3921 1306 3984 aliam
1323 3937 1394 3984 rem
1411 3937 1513 4001 quarn
1580 3933 1587 3940 ·

426 4033 532 4110 illam,
554 4053 655 4116 quam
678 4033 825 4116 aspicere
847 4033 1051 4107 volebamus,
1073 4031 1239 4096 videbitur
1261 4031 1377 4094 eadem
1399 4048 1453 4096 res
1472 4031 1507 4094 in
