3550 5452
1299 617 1339 680 15

266 725 426 805 rotasque
456 732 568 790 autem
597 726 735 790 istorum
757 733 834 790 sunt
855 727 939 790 duae
962 727 1105 808 speeiem
1127 725 1338 790 volutationis

265 836 354 900 enirn
368 835 441 898 alia
455 837 656 916 praecedens
669 842 706 900 et
720 836 785 900 alia
799 838 1020 917 subsequens;
1043 838 1245 926 praecedens
1260 837 1338 916 qui-

265 948 340 1009 dem
364 951 412 1008 est
434 946 675 1025 quaeritante
697 962 768 1010 rem
788 947 985 1023 videndam3
1008 947 1213 1026 subsequens
1229 953 1339 1010 eutem

265 1064 317 1120 ast
341 1072 426 1136 quae
455 1057 493 1118 tit
523 1064 597 1136 post
627 1072 699 1120 rem
719 1057 904 1120 videndam.
936 1057 1117 1121 Frentioois
1139 1063 1251 1120 autem
1275 1057 1340 1120 elio

221 1153 224 1162 ’
266 1165 359 1229 flexio
383 1172 414 1229 ot
436 1165 502 1228 alia
523 1161 751 1230 rererbera'tio.
774 1167 882 1229 Florio
899 1167 1034 1246 quidem
1050 1175 1100 1230 est
1114 1166 1238 1241 frantie,
1255 1184 1339 1246 quae

266 1274 303 1338 nt
328 1276 370 1338 ed
395 1289 466 1352 rern
494 1274 720 1353 resistentem
748 1276 969 1339 reverberatio
998 1293 1075 1339 vero
1103 1282 1156 1340 est
1182 1274 1341 1338 freotioa

265 1401 300 1449 re
321 1385 505 1448 resistente.
526 1383 752 1448 Revoiutionis
774 1403 908 1464 quoque
931 1385 996 1448 elia
1011 1385 1210 1466 praeoedens
1226 1391 1259 1448 et
1274 1383 1339 1448 elie

265 1496 485 1576 subsequere
501 1493 699 1575 praeoedeus
713 1495 850 1573 quidem
865 1501 914 1558 est
928 1493 1118 1559 ooniunotio
1134 1495 1243 1558 axium
1261 1501 1337 1558 ante

265 1623 336 1668 rem
355 1603 551 1681 videndam,
574 1604 780 1684 subsequens
807 1612 918 1668 autem
941 1612 991 1669 est
1012 1606 1202 1670 ooniunetio
1229 1604 1339 1668 axium

266 1715 350 1778 retro
373 1731 447 1777 rem
467 1714 658 1778 videndam.

305 1823 428 1888 terion
456 1841 533 1888 vero
565 1824 731 1888 falleoiam
761 1824 836 1888 fieri
865 1843 903 1888 ex
930 1823 1097 1888 coloribus
1126 1841 1184 1906 per
1209 1823 1339 1888 eolora-

265 1935 388 1998 tionem
410 1934 495 1998 viam
517 1935 722 1998 aonidentem
740 1933 887 1999 aliunde.
911 1935 1073 1998 coloratio
1090 1934 1226 2015 quidem
1242 1953 1337 2014 pree-

265 2046 385 2109 oedens
406 2045 445 2107 fit
466 2063 525 2125 per
545 2063 581 2108 se
602 2053 637 2108 et
656 2055 717 2125 per
738 2051 894 2126 utrasque
912 2045 1039 2126 speeies
1056 2045 1241 2121 fmetionis3
1256 2046 1338 2108 eub-

265 2171 406 2236 eequens
425 2163 535 2218 autem
553 2154 712 2220 eoloratio
727 2155 765 2216 fit
777 2173 837 2234 per
849 2161 1007 2234 utresque
1028 2155 1152 2236 speeies
1168 2154 1338 2218 nantonis

264 2271 401 2328 tantum.
423 2265 474 2328 Fit
494 2265 594 2347 igitur
614 2265 815 2345 praecedens
838 2264 995 2329 eoloratio
1017 2283 1077 2345 per
1098 2281 1156 2340 se,
1180 2283 1257 2328 oum
1279 2265 1338 2327 diu

264 2373 500 2439 tetenderimus
523 2376 614 2438 siens
636 2356 768 2439 nostros
790 2375 833 2438 ari
855 2374 1000 2455 aliquem
1023 2373 1170 2439 oolorem
1183 2374 1277 2438 vaide
1292 2374 1339 2438 lu·

264 2485 398 2560 nidum,
425 2492 459 2548 et
485 2495 599 2566 postea
625 2486 866 2566 respexerimus
888 2487 930 2548 ed
952 2485 1065 2565 aliud3
1091 2492 1171 2548 tuno
1193 2485 1283 2550 enim
1305 2485 1340 2548 id

265 2595 353 2674 qnod
378 2593 539 2675 aspicitur
567 2593 749 2670 ultimum,
777 2596 906 2658 videtur
927 2595 1051 2659 habere
1074 2595 1201 2674 aliquid
1223 2595 1264 2658 de
1285 2611 1339 2657 oo·

264 2703 335 2770 lore
357 2703 470 2780 iilius,
490 2704 582 2784 quod
603 2705 712 2784 primo
735 2704 798 2767 init
818 2705 944 2780 visum,
966 2705 1127 2785 qnoniam
1148 2704 1339 2786 splendido·

264 2831 338 2876 rum
368 2813 517 2878 colorum
545 2813 715 2894 percussio
738 2815 773 2876 in
795 2815 870 2877 visu
891 2815 949 2878 diu
975 2822 1162 2896 perseverat
1179 2832 1260 2878 oum
1282 2831 1339 2889 eo,

264 2931 296 2988 et
316 2924 389 2987 ideo
412 2928 586 3004 postquam
609 2924 689 2986 talia
710 2924 951 3004 aspexerimus,
974 2941 1042 2988 non
1064 2925 1214 2989 videmus
1236 2924 1341 2988 mani·

263 3034 347 3097 feste
367 3051 431 3097 neo
452 3033 526 3097 sine
547 3033 705 3098 laesione.
741 3035 791 3097 rit
813 3034 914 3098 etiam
935 3031 1134 3114 praeoedens
1158 3032 1339 3108 coloratio,
1391 3066 1395 3075 ·

264 3145 341 3206 eum
361 3143 587 3225 espoierimus
609 3144 737 3223 aliquid
757 3161 816 3225 per
837 3143 919 3206 telas
941 3123 1165 3223 consumptas,
1186 3143 1336 3218 subtiles,

264 3254 462 3333 sanguineas
483 3254 536 3317 vel
557 3271 757 3335 purpureas,
778 3271 858 3318 nam
878 3255 968 3326 visus
998 3254 1126 3318 transit*
1138 3271 1198 3337 per
1217 3261 1338 3318 tremas

151 3441 155 3448 ¹
264 3363 404 3428 totarum
426 3363 497 3429 eino
519 3365 695 3440 freotiono,
719 3371 751 3428 et
775 3369 884 3445 portat
911 3381 1024 3428 seeum
1050 3366 1087 3428 in
1114 3363 1337 3429 transitua'li-

263 3474 346 3553 quid
367 3475 407 3538 de
430 3473 541 3540 eolore
569 3491 682 3539 rerum
709 3493 768 3555 per
797 3493 879 3555 ques
908 3476 1043 3552 transit,
1072 3483 1105 3539 et
1130 3477 1177 3538 sio
1202 3482 1340 3556 apparet

141 3639 146 3642 .
262 3601 315 3648 res
336 3583 396 3648 ilie
416 3583 538 3650 hahere
558 3585 707 3659 notorem
723 3603 850 3661 eorum,
867 3593 952 3666 q'uae
967 3586 1058 3648 visus
1072 3592 1229 3666 penetret.
1246 3586 1340 3648 Proe-

263 3694 382 3758 oedens
401 3711 535 3776 quoquo
563 3694 721 3760 coloratio
749 3697 935 3760 seeundum
963 3697 1264 3762 reverberationem
1285 3696 1338 3770 fit,

263 3819 339 3866 oum
362 3804 535 3886 speculum
556 3805 655 3868 inerit
678 3806 807 3882 stabile,
824 3807 970 3887 spissum
988 3806 1180 3870 etoolorem
1198 3807 1340 3887 hehons;

263 3917 391 3981 oolores
418 3915 509 3980 enim
524 3933 650 3979 ¹rerum
679 3933 763 3996 quae
784 3915 939 3982 videntur
960 3932 1020 3998 per
1041 3917 1341 3982 reverberationem

262 4045 301 4090 ox
322 4026 405 4108 ipsis
426 4025 570 4107 speoulis
592 4027 731 4102 somam,
760 4035 918 4108 apparent
938 4027 1107 4092 commixti
1129 4045 1206 4090 oum
1222 4026 1338 4092 ‹eolore

261 4137 481 4219 speculorum.
504 4136 668 4204 toleratio
685 4144 796 4239 autem
809 4140 1008 4222 praeoedere
1022 4138 1061 4204 et
1074 4157 1134 4220 per
1150 4137 1336 4217 nexionem,
