3512 5456
1256 619 1317 686 trs

250 715 362 792 elur'a
383 734 474 809 parte
496 727 630 810 speculi.
653 730 732 795 ilum
754 732 844 795 enim
862 731 1130 797 constituerimus
1147 733 1316 798 circumie-

249 838 405 912 rentiam,
420 839 461 902 ad
477 857 575 920 quam
590 841 729 904 visibilis
745 842 855 906 radius
870 842 1072 923 refringitur,
1091 851 1124 907 et
1136 861 1317 910 concavum

249 948 334 1012 latus
357 950 429 1014 eius
450 951 549 1014 luerit
571 969 590 1014 a
611 961 703 1032 parte
719 954 858 1035 speculi,
879 961 917 1018 ut
938 955 1204 1019 circumferentia
1226 957 1314 1031 lter,

250 1058 356 1124 forme
379 1062 492 1142 puncti
506 1079 520 1125 r
541 1061 603 1125 erit
623 1063 709 1128 inter
730 1068 914 1145 punctura,
929 1083 964 1140 c,
987 1066 1072 1128 siout
1087 1073 1226 1147 punctus
1241 1081 1268 1141 o,
1285 1074 1318 1130 et

248 1185 361 1236 rursus
385 1175 447 1236 erit
467 1172 571 1246 linea,
594 1191 678 1253 quae
700 1175 818 1237 transit
838 1194 897 1257 per
917 1183 1056 1256 punctos
1072 1175 1102 1251 lc,
1118 1186 1143 1251 t,
1158 1195 1189 1252 o,
1211 1177 1316 1257 magle

190 1306 194 1312 ’
248 1297 405 1363 concava3
431 1285 503 1366 ipse
527 1301 604 1348 vero
632 1291 703 1360 est,
729 1304 814 1367 quae
837 1286 1031 1350 describitur
1053 1305 1154 1369 super
1174 1287 1315 1354 formam

249 1393 296 1457 rei
317 1393 488 1460 videndae.

289 1505 372 1570 ltem
395 1507 618 1572 existimemus
639 1508 938 1572 circumferentiam
958 1510 1019 1572 zslt
1043 1508 1107 1590 (sip.
1123 1509 1199 1584 lli,
1221 1510 1315 1574 culus

247 1629 383 1682 curvum
407 1617 489 1681 latus
512 1619 554 1681 sit
576 1637 595 1683 a
617 1626 707 1701 parte
730 1619 871 1700 speculi,
899 1627 931 1684 et
957 1617 1128 1701 copuletur
1152 1619 1243 1684 linea
1267 1625 1316 1686 zlc

248 1735 348 1802 reete,
371 1731 454 1810 quae
477 1729 607 1811 copulet
629 1731 788 1794 terminos
812 1731 860 1794 rei
878 1725 1052 1806 videndae,
1069 1738 1102 1793 et
1117 1731 1159 1792 sit
1174 1749 1316 1795 concere

248 1839 352 1902 torma
374 1839 446 1902 eius
465 1841 539 1915 tet,
559 1850 592 1905 et
609 1842 686 1922 quia
703 1841 788 1904 radii
806 1857 882 1905 cunr
896 1843 1021 1905 fuerint
1038 1842 1193 1916 minores,
1210 1843 1316 1906 torma

247 1949 310 2025 rei,
333 1967 417 2030 quae
438 1969 497 2033 per
518 1969 574 2015 eos
595 1954 723 2015 videtur
744 1953 846 2016 habet
867 1953 1032 2016 minorem
1054 1952 1259 2028 distantiam,
1281 1961 1315 2018 et

246 2061 424 2124 distantias
445 2079 465 2124 a
487 2062 559 2126 visu
573 2082 588 2124 e
604 2063 714 2125 minor
732 2043 780 2126 ¹est
798 2081 898 2161 quarn
922 2063 1111 2136 distantiat,
1131 2081 1207 2125 cum
1224 2066 1313 2127 acci-

247 2173 335 2252 pitur
349 2173 384 2234 in
400 2173 491 2237 radio
508 2174 645 2237 refracto
661 2189 681 2238 a
695 2181 815 2256 punoto
832 2177 858 2248 t,
874 2183 906 2237 et
918 2171 1072 2237 distantia
1089 2176 1215 2239 formae
1231 2175 1314 2251 eius,

246 2297 329 2363 quae
345 2289 393 2346 est
403 2303 435 2357 o,
450 2283 561 2348 minor
578 2291 628 2349 est
643 2303 745 2378 quam
760 2283 916 2349 distantia
928 2288 948 2359 l,
966 2293 1132 2367 punctusr
1147 2286 1314 2349 videbitur

247 2393 334 2456 inter
352 2397 373 2456 d
395 2402 426 2457 et
446 2413 477 2457 o.
501 2395 659 2460 Poseihllo
681 2403 731 2458 eet
752 2412 828 2477 ergo
849 2397 990 2460 formem
1016 2396 1088 2462 eius
1116 2393 1313 2477 quandoque

246 2501 348 2568 rideri
371 2519 469 2587 super
491 2523 536 2581 m,
564 2514 595 2570 et
621 2508 683 2572 erit
709 2502 815 2570 lorma'
846 2505 920 2570 'ret
951 2523 1051 2592 super
1078 2507 1203 2571 lineam
1230 2509 1314 2570 tmlc

246 2623 390 2692 rectam,
416 2623 449 2680 et
474 2619 670 2699 quandoque
693 2619 780 2682 inter
801 2624 939 2699 punctos
959 2635 1013 2697 cn,
1033 2639 1071 2693 o,
1095 2625 1127 2682 et
1148 2619 1313 2683 videbitur

247 2725 335 2791 linea
360 2745 510 2792 concere.
537 2725 695 2794 Possibile
722 2743 852 2810 quoque
881 2737 929 2793 cet
952 2731 1093 2794 sormam
1115 2731 1311 2812 quandoque

245 2839 348 2901 videri
368 2840 455 2903 inter
477 2847 613 2921 punctos
636 2843 671 2916 d,
693 2859 739 2916 m,
763 2846 795 2905 et
816 2843 879 2906 erit
899 2841 987 2904 linea
1009 2859 1109 2906 curva
1128 2840 1311 2905 secundum

246 2951 505 3030 magnitudinem
520 2959 552 3015 et
566 2953 758 3034 parvitatem
773 2949 998 3032 concavitatis;
1014 2952 1121 3018 forma
1133 2970 1216 3016 vero
1227 2971 1310 3034 pun·

247 3070 373 3127 ctcrum
394 3081 426 3138 z,
448 3066 469 3126 t
490 3066 552 3127 erit
574 3063 701 3127 stabilis
723 3082 823 3146 super
845 3069 983 3144 punctos
1007 3074 1031 3138 t,
1054 3063 1083 3125 lc.

289 3177 324 3238 ln
351 3175 504 3238 concavls
535 3175 677 3257 speculis
706 3190 781 3240 cum
811 3176 918 3239 forme
945 3175 995 3237 rei
1021 3174 1181 3238 videndae
1212 3174 1312 3240 luerit

246 3293 331 3349 retro
360 3285 552 3367 speculum,
580 3287 720 3350 sentitur
747 3303 819 3350 esse
846 3287 881 3348 in
904 3285 963 3349 ille
984 3291 1076 3367 parte
1099 3303 1164 3366 qua
1185 3303 1238 3348 res
1260 3291 1311 3348 est

246 3414 336 3472 vere,
358 3404 391 3460 et
412 3416 488 3460 cum
510 3399 685 3462 translatae
708 3398 831 3462 luerint
852 3417 904 3461 ree
925 3398 1084 3460 videndae
1105 3398 1147 3460 cd
1165 3395 1311 3477 aliquam

246 3509 409 3590 partium,
438 3517 594 3591 apparent
621 3509 746 3573 formae
773 3523 890 3572 earum
911 3507 1086 3571 translatae
1108 3507 1149 3569 ad
1172 3507 1310 3570 eandem

246 3627 380 3700 partem.
406 3619 461 3684 ·Slt
482 3621 581 3700 igitur
602 3621 702 3684 sectio
724 3620 839 3684 circuli
860 3618 896 3681 in
918 3633 1060 3683 concavo
1081 3618 1215 3699 speculo
1242 3619 1311 3696 obp

229 3732 310 3811 lily.
335 3735 405 3807 iil,
428 3738 460 3795 ct
479 3738 630 3795 centrum
653 3729 723 3794 eius
744 3734 778 3806 d.
799 3731 889 3794 risus
912 3736 1072 3804 autema,
1096 3737 1126 3792 et
1149 3729 1232 3793 duae
1255 3745 1308 3792 nes

245 3843 403 3907 videndae
434 3861 452 3905 a
479 3843 635 3908 lateribus
659 3842 750 3915 eius,
780 3850 812 3905 et
833 3843 898 3906 sint
918 3859 951 3917 r,
974 3843 1012 3917 t,
1035 3845 1068 3904 et
1090 3834 1309 3922 producantur

247 3954 354 4018 lineae
376 3957 450 4029 dre,
473 3955 560 4029 dil,
582 3959 616 4018 et
637 3952 859 4033 refringantur
880 3955 945 4017 duo
963 3951 1047 4016 radii
1064 3951 1218 4033 protracti
1236 3949 1311 4014 abc

244 4066 286 4129 td
306 4080 325 4127 r
346 4066 482 4129 ettad
504 4063 656 4145 aequales
679 4065 837 4146 angulos,
860 4065 1148 4127 etsinteoret
1168 4063 1254 4137 ebt,
1275 4067 1310 4124 et

245 4176 477 4266 protrudentur
497 4176 604 4245 lineae
625 4191 677 4252 co,
693 4179 746 4253 ct,
767 4184 802 4242 et
823 4178 1001 4258 iungantur
1021 4175 1119 4239 lineis
1136 4175 1189 4249 dt,
1205 4171 1253 4237 ct
1271 4173 1308 4234 in
1356 4163 1358 4166 ’

1263 4315 1283 4369 9
