3512 5456
432 601 493 666 114
1225 647 1227 654 ,

355 671 360 680 ¹
432 709 692 795 aequidistantes
707 709 814 773 lineae
824 709 871 784 et,
885 713 919 772 et
930 715 1043 791 postea
1057 707 1194 772 vertitur
1207 706 1286 772 inde
1300 725 1416 772 versus
1432 728 1508 792 spe-

432 823 555 888 otdum.
571 821 617 886 De
632 821 734 885 radiis
750 821 856 895 enim,
871 818 931 900 qui
947 819 1129 900 procedunt
1145 820 1184 882 ab
1199 821 1221 883 t
1235 826 1269 882 et
1284 819 1512 901 refringuntur

431 935 473 998 ad
487 934 545 1010 ba,
561 932 680 1018 una'iit
694 931 782 995 linea
797 935 926 994 tantum
942 929 1167 1012 aequidistans
1183 930 1371 1012 praedictae
1386 931 1508 1009 lineae,

432 1051 469 1108 ut
483 1041 574 1107 linea
588 1044 641 1108 itit.
656 1043 702 1106 De
718 1041 855 1121 reliquis
873 1058 950 1104 vero
966 1041 1054 1115 illae,
1068 1059 1154 1122 quae
1171 1047 1248 1102 sunt
1264 1040 1352 1104 inter
1366 1051 1508 1122 punctos

433 1156 450 1218 b
478 1161 510 1218 et
530 1155 566 1230 k,
595 1153 780 1234 iunguntur
801 1151 910 1216 lineae
931 1152 974 1214 db
996 1169 1112 1214 versus
1136 1148 1327 1232 specuium,
1350 1153 1396 1216 ita
1418 1153 1513 1234 quod·

432 1282 509 1328 eum
531 1281 647 1328 omnes
669 1262 792 1326 fuerint
812 1268 1007 1344 protractae,
1026 1261 1211 1341 iunguntur
1225 1261 1257 1324 ei
1272 1267 1384 1343 utpote
1400 1263 1511 1328 lineae

432 1377 503 1452 dm,
523 1377 590 1451 hta·
610 1373 688 1437 illae
709 1391 788 1438 vero
811 1389 895 1452 quae
912 1371 1034 1434 eadunt
1049 1370 1135 1434 inter
1148 1391 1168 1434 a
1183 1378 1216 1434 et
1229 1371 1264 1446 ie,
1279 1373 1466 1453 iunguntur
1481 1375 1512 1438 ei

431 1491 525 1557 retro¹
539 1485 663 1560 visum,
685 1482 789 1548 veluti
810 1482 917 1546 lineae
939 1483 991 1560 stt,
1014 1483 1068 1546 eit.
1093 1481 1185 1556 Quod
1209 1489 1318 1546 autom
1341 1484 1379 1568 tit
1399 1483 1436 1546 in
1461 1487 1511 1549 eis

432 1595 473 1660 de
495 1593 712 1660 translatione
735 1593 966 1658 distantiarum
985 1598 1035 1656 est
1049 1592 1123 1655 hoe.
1146 1593 1420 1658 teoniunottons
1437 1597 1512 1676 qui·

338 1791 340 1793 Ι
432 1705 508 1787 dem
531 1711 617 1788 quae
638 1705 676 1768 fit
701 1705 738 1766 in
760 1710 883 1785 punoto
898 1721 936 1778 a,
959 1703 1155 1766 transfertur
1170 1704 1277 1766 torma
1290 1721 1406 1768 versus
1419 1708 1452 1783 f,-
1476 1705 1510 1768 iu

433 1815 573 1898 reliquis
594 1831 670 1879 vero
692 1813 983 1878 coniunctionibus
1009 1812 1128 1876 antidit
1148 1807 1251 1894 prope
1273 1813 1345 1889 hoo,
1362 1822 1399 1878 ut
1417 1816 1513 1879 deeet

433 1926 617 1991 seeundum
640 1924 820 1999 rationem,
850 1941 1023 2005 quousque
1053 1927 1247 2004 perventum
1276 1925 1378 1988 tuerit
1399 1924 1442 1988 ad
1463 1924 1514 1988 io·

380 2071 385 2078 ,
432 2053 510 2100 cunt
532 2034 808 2117 aequidistantem
830 2029 940 2097 lineae
962 2052 1028 2109 em,
1051 2040 1084 2096 et
1099 2033 1163 2097 erit
1177 2034 1368 2098 constitutio
1384 2014 1511 2100 iormae

432 2163 532 2226 super
550 2145 639 2226 msl,
662 2150 694 2210 et
715 2143 791 2208 inde
815 2143 877 2207 erit
898 2143 1043 2207 reversio
1066 2144 1193 2208 formae
1211 2151 1344 2225 propter
1360 2145 1514 2208 debilite·

434 2261 500 2320 tam
530 2255 643 2330 visus,
672 2255 731 2336 qui
754 2253 909 2334 opinatur
931 2271 983 2316 res
1005 2254 1193 2316 seeundum
1224 2254 1514 2334 aequidistantiam

431 2366 565 2446 positas,
582 2381 654 2428 esse
674 2362 848 2438 infinitas,
859 2369 891 2427 et
907 2369 1002 2443 putat
1017 2365 1107 2444 quod
1121 2363 1292 2443 longitudo
1309 2362 1514 2428 coniunctio·

396 2503 401 2522 ·
435 2475 489 2538 nis
519 2493 604 2557 quae
632 2475 669 2536 ut
697 2473 731 2536 in
754 2473 875 2552 rebus,
902 2489 988 2553 quae
1010 2474 1192 2538 succedunt
1213 2473 1302 2548 iliis,
1326 2481 1513 2555 quaesunt

433 2585 637 2666 propinquae
661 2582 971 2665 aequidistantibus,
994 2582 1180 2646 extenditur
1197 2591 1374 2664 quousque
1390 2585 1446 2648 fiat
1461 2585 1512 2646 in·

433 2691 757 2775 comprehensibilis,
773 2693 800 2754 si
820 2683 928 2756 etiam
939 2692 1114 2772 attingeret
1130 2691 1278 2773 pleiades
1295 2699 1352 2756 aut
1365 2695 1513 2774 qualern·

435 2803 578 2883 eumque
601 2802 807 2876 distantiam,
831 2791 943 2882 utpote
967 2802 1102 2882 quidam
1120 2802 1311 2882 opinantur.
1326 2803 1422 2867 Visus
1438 2821 1514 2886 ergo

434 2917 568 2994 pmpter
588 2913 654 2976 hoo
674 2911 815 2975 vertitur
836 2912 879 2975 ad
900 2913 1061 2975 terminos
1083 2912 1293 2987 moderatos,
1319 2919 1351 2976 et
1373 2914 1453 2993 quie
1474 2916 1514 2979 de

436 3020 669 3087 coniunctione
691 3022 855 3102 quaedam
879 3019 917 3083 nt
933 3027 1022 3084 retro
1036 3023 1158 3096 visum,
1172 3039 1226 3084 res
1242 3028 1353 3086 autem
1368 3023 1514 3090 videnda

437 3136 486 3194 est
510 3130 552 3194 ad
572 3129 716 3193 invitem
732 3127 1044 3208 continua,'oportet
1058 3129 1245 3192 necessario
1260 3130 1386 3193 formas
1401 3145 1514 3194 rerunt

438 3257 510 3304 esse
532 3240 660 3303 similes
682 3239 716 3302 in
740 3238 895 3320 speeiem.
918 3239 965 3302 De
988 3239 1226 3314 coniunctione
1250 3245 1361 3303 autem
1378 3257 1463 3320 quae
1480 3243 1517 3305 nt

437 3355 512 3431 po'st
531 3351 556 3426 t,
578 3365 709 3430 semper
730 3349 792 3412 erit
806 3348 1026 3412 reverberatio
1047 3366 1148 3430 prope
1164 3341 1355 3430 spatulum,
1371 3357 1409 3412 ut
1425 3349 1516 3416 linae

438 3460 509 3533 iso,
531 3458 692 3540 quoniam
713 3471 790 3540 pars
804 3459 1061 3540 magnitudinis,
1084 3475 1184 3539 quem
1207 3459 1458 3540 comprehendit
1477 3459 1516 3525 li-

438 3587 501 3632 nea
514 3567 577 3644 tt,
593 3585 678 3648 quae
692 3575 742 3634 est
755 3568 981 3650 aequidistans
998 3569 1104 3634 lineae
1119 3570 1217 3647 mbr,
1230 3569 1259 3631 si
1276 3577 1364 3634 esset
1377 3569 1459 3646 sola,
1471 3571 1517 3634 vi·

437 3679 571 3742 deretur
592 3679 707 3760 utique
730 3679 764 3740 in
785 3685 905 3760 punoto
922 3680 957 3755 ¹⁶2·
979 3678 1036 3742 illa
1050 3697 1127 3743 vero
1144 3695 1229 3760 quae
1244 3679 1375 3744 videtur
1389 3697 1447 3762 per
1462 3697 1514 3744 ra·

438 3789 511 3852 dios
531 3790 572 3852 stt
585 3794 617 3852 et
630 3791 686 3863 ott,
704 3790 865 3869 quoniam
880 3789 1071 3852 ooniunotio
1087 3789 1236 3869 ipsorum
1252 3790 1421 3853 radiorum
1436 3807 1512 3854 eum

438 3896 529 3962 linea
551 3900 590 3964 de
610 3899 649 3960 nt
669 3906 755 3962 retro
778 3899 904 3972 visum,
925 3899 1092 3966 videbitur
1112 3917 1215 3979 penes
1237 3899 1426 3979 speeuium,
1446 3907 1516 3980 utq

310 4097 317 4103 N
439 4015 472 4072 et
493 4028 516 4070 e.
539 4007 624 4072 illud
647 4027 723 4073 vero
745 4009 834 4090 quod
851 4009 979 4072 videtur
995 4010 1279 4090 demag'uitudine
1297 4011 1404 4090 posita
1418 4029 1517 4093 super

433 4098 565 4184 'lineam
587 4117 669 4202 iqo,
690 4137 756 4185 non
781 4120 828 4183 ita
844 4119 1036 4202 disponitur
1058 4120 1092 4188 in
1116 4137 1156 4184 so
1171 4121 1261 4205 quod
1276 4125 1424 4204 apparet,
1439 4123 1532 4206 quia.
