3550 5452
1282 631 1322 694 85

247 749 372 822 erect03
392 739 502 822 sitque
525 738 616 815 linea
636 737 703 803 ott
722 755 823 822 super
842 735 1019 820 speculum
1041 737 1191 821 plenum,
1214 722 1320 806 etra-

252 854 328 918 diue
345 850 487 916 visibilis
509 850 699 930 secundum¹
715 847 930 913 dimotionem
952 848 1062 914 lineae
1080 849 1124 912 ire
1142 852 1182 915 ad
1197 859 1325 933 partem

249 962 286 1024 in
303 979 369 1043 qua
383 965 434 1025 est
446 975 500 1023 res
512 958 668 1034 videnda,
682 965 716 1022 et
731 957 967 1039 prodebantur
981 959 1065 1022 duae
1079 957 1188 1024 lineae
1203 975 1255 1036 aa,
1266 961 1324 1034 dtr,

249 1071 296 1136 ita
316 1069 355 1134 dt
388 1071 456 1133 sint
478 1068 587 1132 lineae
606 1085 659 1144 co,
676 1067 724 1147 its
741 1063 902 1149 aequales
922 1066 1022 1132 lineis
1042 1067 1088 1145 ot,
1107 1070 1189 1144 tm,
1211 1077 1244 1132 et
1264 1087 1324 1151 po·

249 1187 373 1244 uantur
385 1177 495 1264 lineae
510 1193 561 1258 cp,
572 1179 618 1242 br
630 1175 789 1258 aequales
803 1175 905 1240 lineis
920 1193 973 1254 eo,
986 1180 1035 1241 br.
1050 1177 1259 1242 Manifestum
1274 1185 1325 1244 est

245 1305 325 1370 orgo
348 1304 387 1352 ex
406 1286 461 1351 bis
478 1303 564 1367 quae
581 1287 674 1368 prius
689 1285 914 1367 exposuimus,
929 1287 1020 1367 quod
1035 1287 1143 1350 iorma
1156 1286 1267 1353 lineae
1282 1290 1324 1368 by

247 1405 335 1464 recte
349 1396 517 1462 ridebitur
531 1413 634 1478 super
646 1394 772 1460 lineam
787 1397 861 1470 ota,
881 1403 915 1460 ot
928 1397 1036 1460 forma
1050 1413 1168 1461 curvae
1184 1398 1325 1462 circnm-

248 1507 409 1573 ierentiae
430 1508 502 1570 trec
522 1505 688 1570 ridebitur
702 1521 804 1586 super
815 1507 887 1586 fta·
908 1506 1017 1568 forma
1030 1513 1143 1570 autem
1158 1523 1322 1572 concavae

246 1595 537 1682 circumferentiae
557 1629 621 1679 arn
642 1613 812 1695 apparebit
828 1625 1010 1695 superqtr,
1029 1621 1066 1679 et
1086 1615 1178 1680 linea
1191 1619 1252 1682 otd
1273 1625 1324 1682 eet

249 1735 353 1804 recta,
375 1725 537 1808 quoniam
558 1723 669 1788 lineae
687 1741 750 1799 aa,
773 1723 824 1798 tot,
842 1725 892 1788 bd
912 1731 991 1788 sunt
1013 1725 1181 1806 aequatem
1202 1743 1322 1792 omnes

246 1837 339 1903 enim
366 1833 481 1916 anguli
502 1840 585 1898 sunt
611 1833 709 1913 recti3
744 1833 835 1897 linea
859 1849 994 1915 quoque
1015 1851 1102 1916 quaa
1123 1836 1242 1901 transit
1262 1853 1321 1918 por

247 1954 387 2029 punotos
408 1947 467 2024 cti
482 1951 533 2008 cst
554 1959 674 2018 curva,
695 1942 787 2006 tinea
806 1959 884 2007 voro
907 1959 992 2023 quae
1014 1939 1134 2008 transit
1155 1963 1213 2027 per
1235 1965 1320 2029 pun·

246 2063 318 2122 ctos
335 2065 413 2136 ptr,
434 2061 486 2120 est
506 2069 666 2128 concava,
687 2053 849 2135 qnoniam
868 2049 1010 2116 risibilis
1036 2053 1163 2129 radius,
1187 2042 1245 2135 qui
1271 2065 1324 2121 est

246 2179 348 2247 super
368 2161 584 2228 direptionem
611 2159 722 2228 lineae
744 2161 787 2224 tr
818 2157 1014 2244 perveniens
1039 2161 1083 2226 ad
1107 2171 1268 2244 punctum
1289 2175 1322 2240 r,

248 2281 302 2340 est
327 2280 454 2338 erectus
484 2289 587 2354 super
612 2289 729 2336 omnes
756 2271 882 2335 termas
913 2269 1101 2351 linearum
1133 2272 1218 2336 radii
1242 2291 1323 2337 voro

246 2381 306 2465 qui
326 2381 507 2464 procedunt
527 2381 570 2446 ad
591 2379 753 2444 terminos
774 2377 942 2444 linearum
962 2388 998 2445 et
1016 2381 1191 2446 universas
1212 2388 1322 2464 partes

247 2509 387 2567 earum,
413 2499 494 2556 nunt
519 2486 669 2572 obliqui,
697 2496 734 2554 et
758 2491 987 2571 proportiones
1009 2491 1081 2556 eius
1103 2493 1194 2573 quod
1212 2510 1253 2556 ex
1275 2493 1323 2556 eia

246 2601 290 2667 ed
311 2622 331 2667 a
351 2603 426 2666 otc
452 2601 624 2683 pervenit,
649 2600 692 2665 ad
720 2597 805 2662 illud
834 2601 924 2679 quod
944 2599 1093 2681 parvenit
1113 2602 1156 2664 ad
1176 2609 1210 2677 t,
1242 2609 1322 2665 sunt
1406 2591 1411 2600 ’

248 2711 391 2777 maiores
411 2727 514 2792 quam
536 2710 767 2792 proportiones
790 2709 862 2773 eius
884 2707 975 2790 quod
991 2709 1095 2774 exeis
1110 2709 1230 2791 adp,r
1251 2729 1323 2793 per·

248 2817 349 2896 venit,
374 2821 417 2884 ed
442 2821 478 2883 id
504 2819 594 2901 quod
615 2817 829 2901 pervenitad
851 2827 879 2894 t,·
901 2823 934 2882 et
953 2819 1100 2884 minores
1121 2827 1201 2884 sunt
1220 2839 1322 2902 quam

246 2929 476 3012 proportiones
498 2929 594 3004 eius,
620 2929 712 3010 quod
742 2945 782 2992 ex
808 2927 857 2990 eis
884 2928 964 2991 ado
987 2934 1020 2992 et
1040 2933 1058 3008 s
1081 2929 1251 3010 pervenit,
1281 2931 1323 2996 ed

210 3083 212 3088 ,
246 3037 329 3104 iilud
349 3039 441 3120 quod
461 3037 612 3120 pervenit
634 3038 675 3101 ad
697 3047 717 3099 t.
747 3034 989 3117 Magnitudines
1011 3043 1121 3101 autem
1142 3038 1320 3118 linearum,

246 3149 288 3212 ad
317 3163 422 3229 quas,
451 3163 525 3211 cum
550 3147 665 3210 enisu
692 3146 844 3228 producti
873 3145 998 3210 fuerint
1018 3145 1126 3223 radii,
1153 3150 1322 3230 proportio

245 3256 458 3337 obliquorum
484 3255 528 3319 ad
556 3262 682 3342 erectos
707 3255 817 3318 maior
842 3253 964 3329 fuerit,
986 3261 1020 3319 ot
1044 3255 1129 3319 situs
1154 3255 1321 3322 linearum

244 3365 438 3448 oppositus,
463 3365 665 3428 videbuntur
692 3379 833 3443 curvae;
860 3364 897 3428 in
919 3365 1042 3445 quibus
1064 3371 1176 3429 autem
1197 3365 1320 3430 huius·

246 3475 337 3538 modi
359 3474 527 3556 proportio
548 3475 661 3537 minor
680 3474 791 3548 fuerit,
807 3474 1009 3538 ridebuntur
1022 3489 1195 3539 concavae.
1219 3476 1320 3540 Linea

245 3601 324 3665 ergo
360 3583 424 3648 ord
455 3584 518 3647 orit
545 3599 668 3657 curva,
699 3601 777 3647 cum
805 3583 999 3648 curvabitur
1027 3589 1061 3649 et
1088 3583 1189 3648 inerit
1219 3601 1320 3667 super

244 3699 314 3774 om
336 3693 400 3758 erit
419 3699 533 3757 autom
547 3705 704 3769 concava,
719 3709 795 3757 cum
810 3695 1002 3758 curvabitur
1016 3699 1050 3758 et
1064 3695 1207 3758 extiterit
1219 3711 1322 3777 super

245 3813 321 3884 ptr,
343 3809 377 3867 et
398 3801 489 3866 linea
508 3811 568 3881 ato
588 3808 639 3866 est
659 3810 760 3866 recta.
784 3803 1015 3868 universaliter
1036 3812 1147 3868 autem
1164 3801 1254 3868 linea
1267 3809 1324 3885 ot(

245 3917 296 3977 ost
317 3929 439 3990 curva3
461 3911 553 3976 linea
572 3927 650 3976 vero
672 3919 731 3994 ptr
751 3927 905 3976 concava.

287 4023 381 4110 Quod
402 4023 505 4103 igitur
524 4041 748 4106 unaquaeque
770 4023 967 4088 huiusmodi
989 4023 1171 4106 figurarum
1199 4041 1316 4088 neces·

241 4131 333 4196 sario
355 4131 454 4198 debet
476 4133 580 4198 videri
602 4151 704 4216 super
724 4149 825 4198 unam
850 4133 992 4208 lineam,
1018 4133 1232 4198 manifestum
1254 4134 1319 4198 erit
