3512 5456
448 607 507 672 lid

443 735 520 782 vero
542 724 667 800 partem
690 717 967 800 perpendicularis
988 724 1027 780 ut
1047 719 1100 792 aa·
1123 719 1161 778 tt
1180 735 1256 798 ergo
1272 725 1393 798 quanto
1408 720 1513 800 magis

444 828 605 909 procedit,
624 830 785 892 malorem
800 828 897 891 habet
913 829 1104 891 distantiam
1121 828 1244 892 alinea
1257 830 1333 904 eod,·
1352 831 1388 892 tt
1404 835 1514 894 autem

445 939 639 1019 quandoque
671 937 731 1002 erit
760 939 984 1017 aequidistans
1013 937 1119 1002 lineae
1142 942 1228 1010 cad,
1259 945 1290 1001 et
1316 939 1513 1021 quandoque

444 1049 641 1130 longiturni
666 1069 682 1111 a
706 1057 794 1130 parte
813 1061 858 1120 et,
883 1059 913 1110 et
937 1049 1134 1128 quandoque
1159 1049 1196 1111 dt
1218 1051 1388 1124 remotior3
1414 1069 1515 1130 angu-

445 1161 511 1222 lum
542 1163 628 1222 enirn
661 1163 721 1221 cet
753 1161 909 1240 possibile
939 1167 987 1222 est
1014 1162 1210 1240 quandoque
1240 1179 1311 1222 esse
1343 1161 1428 1223 simu
1458 1181 1513 1223 an·

444 1271 558 1352 guium
583 1271 655 1345 ott,
684 1279 716 1334 et
742 1279 839 1334 erunt
863 1281 1021 1351 utraeque
1044 1271 1152 1334 lineae
1176 1249 1453 1351 aequidistantes‚
1480 1276 1515 1336 'et

442 1381 637 1463 quandoque
660 1380 765 1444 maior
787 1381 846 1444 illo'
868 1387 901 1444 et
922 1381 1070 1460 iungitur
1083 1380 1130 1454 ei.
1147 1381 1341 1461 quandoque
1359 1397 1436 1446 vero
1451 1383 1515 1445 mi·

444 1511 520 1566 nor,
542 1500 574 1554 et
594 1491 699 1572 magis
721 1492 799 1554 inde
823 1491 1003 1571 elongatur.

483 1603 608 1666 Rursus
636 1601 860 1666 describamus
887 1617 1066 1666 concavum
1092 1598 1281 1684 speculum,
1309 1603 1402 1667 ouius
1431 1621 1510 1666 con·

442 1713 561 1776 caritas
583 1713 626 1774 ait
646 1725 759 1776 versus
780 1713 904 1786 visum,
928 1719 960 1775 et
981 1712 1024 1774 sit
1044 1713 1125 1792 obp,
1148 1720 1180 1775 et
1201 1719 1352 1776 centrum
1380 1714 1451 1777 eius
1473 1717 1511 1788 d,

441 1823 548 1903 aitque
570 1821 658 1885 urna
678 1842 711 1897 e,
733 1821 840 1901 primo
868 1823 994 1903 positus
1023 1823 1109 1886 inter
1135 1829 1284 1886 centrum
1311 1832 1344 1886 et
1370 1825 1508 1904 superli-

441 1933 526 1997 ciem
547 1932 687 2013 speculi,
711 1940 742 1996 et
764 1932 972 2013 protrahatur
994 1931 1276 2013 perpendicularis
1299 1951 1378 2008 cor,
1402 1934 1511 2016 sitque

441 2045 551 2106 radius
572 2043 723 2124 proclivis
744 2045 796 2116 et,
813 2049 846 2106 et
861 2042 1069 2122 protrahatur
1084 2041 1361 2124 perpendicularis
1376 2045 1420 2106 dt
1439 2055 1512 2125 pro·

441 2155 559 2218 cedens
575 2153 616 2216 ad
629 2157 661 2228 tt.
677 2160 709 2216 et
724 2153 894 2232 frangatur
906 2153 1016 2216 radius
1037 2155 1072 2214 eb
1091 2153 1132 2216 ad
1147 2160 1274 2233 partem
1289 2154 1425 2234 quidem
1441 2170 1514 2235 per-

442 2259 662 2345 pendicularis
684 2279 783 2345 super
804 2265 852 2338 tt,
875 2265 917 2326 ad
938 2265 1101 2327 diversam
1123 2279 1198 2326 vero
1220 2271 1347 2344 partem
1370 2275 1511 2344 perpen-

442 2371 597 2438 dicularis
612 2391 713 2455 super
728 2374 777 2436 tt.
796 2374 1005 2438 Manifestum
1021 2381 1070 2436 est
1083 2391 1168 2454 ergo,
1184 2375 1273 2454 quod
1288 2385 1509 2454 unaquaeque

442 2501 478 2548 er
502 2487 553 2559 tt,
574 2485 615 2545 tls
638 2493 758 2566 quanto
782 2485 887 2564 magis
909 2484 1054 2564 procedit
1076 2485 1110 2546 in
1134 2491 1225 2565 parte
1242 2494 1265 2558 t,
1284 2484 1316 2558 lc,
1339 2483 1510 2564 elongatur

441 2595 546 2676 magis
568 2613 587 2659 a
609 2597 664 2658 tt.
686 2593 846 2658 Distantia
863 2611 941 2675 ergo
960 2609 1075 2658 eanum
1094 2613 1113 2657 a
1130 2594 1219 2676 linea
1235 2597 1303 2658 dar
1320 2595 1384 2658 erit
1402 2594 1509 2658 maior

442 2723 541 2786 quam
563 2723 582 2769 a
604 2707 656 2770 tt.
678 2705 793 2786 ltaque
816 2713 937 2786 quanto
959 2705 1063 2786 magis
1086 2707 1336 2785 protendentur,
1359 2699 1440 2768 dant
1457 2717 1507 2770 re·

441 2811 596 2882 motiores
619 2835 637 2879 a
657 2819 756 2880 dua*

481 2927 604 2991 Rursus
626 2934 694 2990 osto
716 2934 867 2990 centrum
883 2925 999 2990 intere
1016 2925 1078 3006 istd·
1092 2925 1145 3001 9⁰)
1164 2933 1197 2990 et
1210 2925 1509 2990 circumferentiam

439 3039 518 3117 etp,
536 3043 569 3101 at
586 3036 736 3102 flectatur
749 3039 788 3101 eb
805 3037 846 3100 ad
863 3045 990 3117 partem
1008 3036 1143 3118 quidem
1159 3035 1439 3118 perpendicularis
1453 3049 1508 3099 eu·

441 3166 499 3228 per
519 3150 568 3223 tt,
590 3148 632 3212 od
653 3149 815 3213 diversam
831 3167 910 3212 vero
926 3156 1053 3229 partem
1067 3147 1348 3229 perpendicularis
1361 3147 1509 3211 deretur

441 3277 538 3340 super
552 3259 610 3334 tte
624 3259 659 3320 tt
675 3271 750 3339 ergo
766 3265 889 3339 quanto
906 3259 1010 3339 magis
1024 3259 1172 3339 procedit
1190 3263 1231 3322 ad
1249 3265 1376 3340 purtem
1395 3259 1506 3338 puncti

441 3379 465 3443 t,
489 3369 659 3448 elongatur
681 3369 721 3432 ab
742 3371 830 3445 edm·
853 3369 991 3449 angulus
1014 3369 1102 3432 enim
1121 3370 1183 3434 dte
1204 3370 1309 3434 maior
1325 3375 1373 3432 est
1388 3367 1507 3450 angulo

440 3480 520 3550 ttt,·
535 3478 623 3542 linea
636 3484 746 3543 autem
760 3479 799 3541 tt
814 3479 1010 3560 quandoque
1022 3479 1061 3542 flt
1073 3479 1292 3560 aequidistans
1305 3477 1410 3544 lineae
1424 3465 1508 3554 oce,

439 3598 472 3653 et
488 3589 685 3670 quandoque
702 3589 847 3670 iungitur
862 3590 892 3652 ei
906 3596 1031 3670 aparte
1047 3598 1243 3670 punctorum
1256 3591 1290 3664 t,
1304 3605 1336 3662 r.
1356 3597 1389 3654 et
1403 3607 1507 3670 quan·

439 3701 547 3780 doque
568 3699 672 3780 magis
693 3699 771 3764 inde
794 3699 972 3780 elongatur.
995 3699 1155 3764 Possibile
1178 3706 1226 3763 est
1249 3700 1338 3762 enim
1359 3700 1432 3764 deri
1452 3715 1507 3764 an·

440 3809 537 3889 gulos
551 3809 632 3885 tut,
654 3810 711 3892 qui
726 3817 774 3873 est
789 3807 896 3874 maior
910 3809 1031 3890 angulo
1046 3811 1123 3886 dte,
1141 3808 1340 3892 quandoque
1360 3809 1504 3890 aequalis

442 3918 561 4000 angulo
582 3919 667 3996 adt,
688 3920 774 3984 sicut
794 3919 833 3982 fit
854 3921 1051 4002 quaudoque
1073 3927 1232 4002 utraeque
1254 3918 1362 3984 lineae
1384 3920 1507 3984 fuerint

441 4029 705 4110 aequidistantes,
721 4037 752 4094 et
767 4031 962 4111 quandoque
976 4032 1092 4106 maior,
1108 4031 1192 4094 sicut
1207 4031 1245 4094 tit
1259 4045 1336 4094 cum
1349 4037 1506 4112 utraeque

441 4139 550 4204 lineae
572 4147 751 4224 protractae
773 4140 953 4224 iunguntur
969 4139 1033 4206 sibi
1050 4141 1204 4218 invicem,
1219 4141 1414 4224 quandoque
1427 4157 1503 4206 vero
