3512 5456
426 561 494 624 tet

431 693 508 754 ergo
531 675 620 754 quod
642 691 708 737 non
733 673 771 737 fit
792 674 877 736 inter
899 691 955 737 eos
971 673 1187 738 reverberatio
1202 693 1223 738 a
1236 675 1503 741 circumferentia
1534 757 1539 766 ·

430 786 498 862 uby
528 785 568 846 ad
597 783 752 865 aequales
782 783 941 864 angulos;
970 791 1002 848 et
1025 786 1238 848 manifestum
1260 787 1419 868 estquod
1441 805 1503 850 nec

428 895 649 959 reverberatio
672 893 710 957 fit
732 913 751 958 a
774 895 1040 960 circumferentia
1058 897 1110 975 by,
1133 915 1173 960 eo
1191 897 1281 976 quod
1295 897 1501 978 impossibile

429 1011 479 1066 est
508 1005 616 1070 radios
645 1007 732 1067 inter
759 1021 816 1068 eos
844 1005 1000 1070 refractus
1031 1008 1200 1070 conunare
1227 1017 1390 1088 punctum
1418 1010 1453 1086 t,·
1483 1027 1502 1072 a

428 1115 699 1178 circumferentia
720 1116 819 1178 etiam
836 1117 879 1178 cb
901 1117 1116 1180 manifestum
1139 1126 1188 1181 est
1209 1137 1276 1181 non
1300 1135 1395 1200 posse
1410 1121 1503 1209 ‘luter

429 1243 486 1287 eos
515 1226 815 1290 reverberationem
836 1226 907 1288 fleri
930 1228 971 1288 ad
992 1227 1148 1307 aequales
1170 1227 1329 1308 angulos3
1357 1229 1387 1292 si
1410 1231 1501 1296 enim

419 1342 538 1416 posset
558 1337 695 1416 refringi
716 1343 754 1398 ut
767 1355 826 1409 oz,
843 1352 896 1411 ze,
916 1344 1004 1402 esset
1018 1339 1134 1418 utique
1151 1339 1416 1404 circumferentia
1430 1340 1501 1419 boa

421 1446 514 1508 sicut
535 1446 803 1510 circumferentia
823 1466 881 1522 oz,
905 1447 995 1526 quod
1012 1448 1132 1511 falsum
1147 1454 1211 1524 est3
1234 1449 1509 1514 circumferentia

428 1557 517 1619 enim
540 1558 611 1636 hez
632 1555 737 1620 multo
760 1558 869 1620 maior
884 1565 933 1620 est
947 1577 1048 1638 quam
1071 1559 1337 1624 circumferentia
1349 1577 1407 1636 aa,
1422 1539 1499 1624 cum

426 1669 710 1732 circumferentiae
725 1671 782 1745 ab,
797 1671 838 1750 by
861 1670 928 1732 sint
949 1669 1115 1749 aequales.
1138 1671 1300 1736 Similiter
1314 1671 1415 1734 etiam
1429 1689 1501 1735 ma·

417 1779 586 1842 nifestum
609 1797 676 1844 non
698 1797 796 1862 posse
814 1780 888 1844 fleri
905 1780 1216 1857 reverberationem,
1230 1799 1306 1844 cum
1320 1782 1403 1845 alter
1416 1799 1500 1863 pun·

426 1900 554 1955 ciorum
583 1891 683 1954 fuerit
710 1892 798 1954 infra
825 1892 989 1955 circulum
1018 1909 1118 1973 super
1145 1891 1269 1956 lineam
1291 1911 1335 1972 oq
1364 1892 1502 1968 etalter-

419 2003 460 2064 'in
484 2021 512 2079 e,
542 2011 599 2066 aut
627 2002 728 2066 fuerit
756 2003 838 2066 alter
865 2009 1065 2085 punctorum
1096 2003 1129 2066 in
1152 2023 1192 2079 c,
1215 2009 1248 2066 et
1269 2003 1352 2067 alter
1374 2003 1501 2066 intera

420 2125 458 2178 -et
484 2135 511 2190 e,
543 2121 600 2178 aut
627 2115 727 2178 fuerit
756 2115 838 2178 alter
867 2131 984 2178 eorum
1017 2123 1107 2179 extra
1134 2115 1321 2189 circulum,
1354 2122 1388 2178 et
1415 2115 1499 2178 alter

424 2226 653 2290 mmoma

465 2339 590 2400 Rursus
618 2337 840 2400 constituatur
861 2336 1006 2399 circulus
1029 2336 1097 2415 ato
1122 2337 1183 2418 tfiq.
1207 2335 1283 2412 63),
1307 2338 1401 2399 cuius
1424 2351 1499 2436 cen:

418 2456 514 2510 ‘trum
536 2451 569 2525 d,
601 2454 634 2510 et
661 2448 860 2526 producatur
880 2447 970 2511 linea
991 2467 1048 2529 oq,
1071 2456 1103 2512 et
1123 2433 1335 2529 protrahatur
1356 2449 1397 2511 acl
1425 2465 1499 2512 eam

423 2557 707 2640 perpendicularis
729 2561 810 2634 deb,
834 2567 866 2622 et
888 2560 930 2622 sit
952 2558 1217 2622 circumferentia
1231 2560 1299 2638 atq
1322 2559 1423 2622 sectio
1438 2559 1497 2621 cir·

423 2669 491 2731 culi
519 2671 617 2749 positi
645 2671 680 2731 in
710 2687 851 2732 concavo
881 2670 1037 2751 speculo,
1060 2670 1168 2749 sitque
1193 2668 1276 2733 alter
1296 2675 1497 2750 punctorum

423 2780 550 2842 intera
573 2788 605 2844 et
626 2801 646 2842 z
668 2787 705 2842 ut
725 2787 868 2860 punctus
896 2798 927 2856 c,
956 2787 988 2843 et
1014 2779 1097 2844 alter
1118 2780 1205 2842 inter
1226 2799 1241 2841 e
1263 2787 1296 2842 et
1316 2797 1335 2857 9
1357 2787 1395 2840 ut
1418 2795 1496 2858 pun·

422 2897 494 2952 ctus
516 2910 547 2966 z,
579 2899 610 2954 et
638 2867 843 2954 describatur
869 2891 1013 2954 circulus
1037 2891 1202 2953 transiens
1223 2905 1283 2970 per
1304 2897 1443 2970 punctos
1465 2907 1498 2965 o,
1521 2951 1525 2957 ,

423 3004 457 3077 d,
475 3021 506 3075 z,
530 3007 561 3064 et
583 3003 625 3064 sit
646 3005 728 3076 calz,
752 3009 783 3065 et
800 3021 866 3065 non
883 3009 972 3065 secet
987 3001 1289 3064 circumferentiam
1306 3002 1361 3080 iq,
1378 3006 1409 3061 et
1425 3016 1499 3078 pro-

422 3111 597 3174 trahantur
618 3112 727 3176 lineae
749 3131 806 3192 oy,
824 3114 907 3175 dzft.
930 3113 1076 3175 Dicimus
1101 3129 1194 3191 erge,
1218 3111 1307 3189 quod
1323 3128 1341 3172 a
1356 3111 1496 3172 circum·

384 3205 390 3220 ’
423 3223 562 3284 ferentia
583 3225 652 3285 obit
680 3225 769 3286 inter
788 3230 930 3304 punctos
943 3243 996 3288 oa
1018 3241 1083 3284 nou
1110 3221 1301 3300 refringitur
1323 3219 1435 3282 radius
1457 3219 1498 3281 ad

423 3333 576 3411 aequales
594 3334 747 3412 angulos3
763 3353 782 3395 a
796 3334 1061 3396 circumferentia
1078 3332 1213 3412 quidem
1227 3330 1498 3393 ob·manifestum

342 3472 347 3482 1
421 3451 560 3506 estnon
583 3444 656 3506 fieri
678 3445 992 3518 reverberationem,
1017 3424 1104 3506 sicut
1119 3443 1383 3506 demonstratum
1397 3445 1447 3502 est
1461 3439 1496 3501 in

421 3555 628 3636 praecedenti
651 3554 772 3634 figura,
798 3574 834 3620 ex
858 3574 896 3618 eo
919 3555 1009 3636 quod
1030 3554 1148 3618 accidit
1169 3553 1209 3616 de
1230 3550 1420 3616 diversitate
1436 3554 1497 3612 clr-

416 3657 955 3730 'cumfercntiarumfifan‘ifestum
978 3671 1027 3728 est
1049 3670 1161 3728 autem
1183 3679 1293 3742 neque
1316 3681 1336 3725 a
1357 3663 1497 3734 circum·

419 3775 618 3854 ferentiaelv
629 3776 702 3839 fleri
718 3777 1029 3850 reverberationem,
1042 3794 1081 3839 eo
1095 3774 1184 3855 quod
1195 3773 1309 3836 radius
1323 3772 1363 3838 ab
1379 3771 1497 3834 eodem

419 3885 494 3950 loco
521 3889 681 3952 refractus
704 3907 771 3951 non
802 3888 984 3952 circumdat
1004 3894 1157 3952 centrum
1182 3889 1212 3948 d.
1240 3885 1304 3948 Sed
1326 3901 1416 3946 nuno
1438 3882 1497 3946 de·

413 3973 653 4076 monstremus,
676 4000 766 4079 qued
789 4017 855 4062 non
879 3999 917 4062 ilt
938 3997 1159 4063 reverberatio
1178 3993 1496 4069 acircumferentia,

415 4111 504 4189 'quae
529 4117 578 4173 est
593 4110 681 4174 inter
698 4112 727 4186 b,
744 4111 766 4171 lt
782 4110 823 4173 ad
837 4109 992 4190 aequales
1009 4107 1156 4188 angulos.
1174 4107 1206 4170 si
1222 4106 1324 4187 igitur
1338 4101 1496 4204 possibile
