3550 5452
1278 617 1318 683 ss‘l

244 725 303 788 bus
326 724 502 806 aspicitur,
526 731 657 787 etcum
679 724 821 787 dicimus
850 723 885 786 in
909 711 1085 804 superficie
1108 725 1321 805 speculorum

244 839 369 898 rectam
391 831 533 909 lineam,
547 832 784 915 intelligendus
806 839 857 908 est
878 833 1040 898 terminus
1060 835 1247 899 communis
1266 851 1321 899 su·

244 942 391 1023 perfluet
412 935 537 1023 speculi
553 948 586 1007 et
603 942 795 1024 superficiei
809 949 936 1007 erectae
951 958 1051 1024 super
1065 943 1321 1028 speculisuper·

247 1051 355 1115 ficiem
378 1055 420 1116 ad
441 1057 549 1116 rectus
567 1052 706 1133 ungulos
723 1051 887 1116 transiens
903 1059 963 1132 pei
976 1053 1106 1116 radium
1122 1055 1320 1132 'refractum3

246 1167 368 1224 etcum
385 1161 528 1225 dicimus
537 1163 572 1224 in
585 1152 760 1242 sphaerico
771 1161 906 1241 speculo
919 1161 1091 1237 circulum,
1104 1151 1320 1243 intelligenda

247 1276 296 1334 est
320 1271 425 1334 sectio
447 1270 635 1334 communis
656 1269 846 1351 superficiei
868 1271 950 1345 eius,
974 1276 1006 1334 et
1027 1271 1214 1352 superficiei
1236 1279 1321 1352 quae

247 1379 364 1442 transit
390 1395 452 1460 per
478 1378 609 1442 radium
631 1377 810 1444 refractum
832 1385 866 1443 et
886 1396 946 1461 per
963 1385 1115 1444 centrum
1138 1379 1322 1460 sphaerae3

247 1489 281 1551 et
301 1505 378 1551 cum
399 1489 542 1552 dicimus
557 1487 730 1570 speculum
745 1497 894 1564 currum,
909 1485 1165 1569 intelligendum
1182 1495 1232 1553 est
1246 1507 1323 1570 spe-

247 1597 371 1675 culum,
394 1599 484 1679 quod
503 1598 593 1660 visui
615 1605 666 1661 est
686 1597 875 1679 oppositum
892 1618 911 1662 a
928 1611 1028 1662 curva
1040 1605 1133 1680 parte
1148 1598 1320 1682 sphaerae;

249 1713 282 1770 et
302 1723 378 1770 cum
401 1708 543 1771 dicimus
558 1706 730 1788 speculum
745 1724 938 1782 concavum,
954 1706 1206 1788 intelligendum
1223 1713 1273 1772 est
1288 1708 1325 1771 il·

248 1817 315 1892 lud,
330 1815 425 1880 cuius
440 1811 612 1898 sphaerica
625 1815 817 1896 superficies
833 1825 977 1882 concava
994 1821 1045 1881 est
1058 1816 1211 1900 opposita
1225 1818 1322 1880 risui.

289 1923 466 2007 Postquam
492 1925 592 2006 igitur
619 1925 700 1989 haec
722 1927 1037 2002 determinavimus,
1059 1913 1219 1990 debemus
1242 1925 1326 1989 inci·

248 2033 324 2118 pere
346 2042 379 2099 et
401 2035 509 2098 dicere
529 2051 616 2122 quae
638 2035 793 2097 accidunt
814 2036 850 2096 in
873 2033 1017 2116 speculis
1039 2034 1167 2116 planis,
1189 2053 1265 2099 cum
1287 2036 1323 2098 in

247 2145 296 2210 eis
313 2144 529 2209 inveniantur
546 2145 673 2224 species
692 2135 845 2208 omnium
861 2161 946 2225 quae
960 2145 1124 2221 videntur,
1140 2133 1323 2208 secundum

248 2255 465 2335 quantitatem
500 2251 637 2336 quidem
667 2252 847 2317 multitudo
874 2267 987 2318 rerum
1019 2271 1103 2336 quas
1135 2253 1324 2328 divisimus,

250 2370 283 2428 et
303 2360 552 2444 magnitudines
573 2363 806 2425 continuarum
827 2379 940 2426 rerum
957 2370 989 2426 et
1003 2361 1191 2442 distantiae;
1208 2381 1326 2426 secun·

251 2474 332 2537 dum
355 2471 550 2555 qualitatem
572 2477 684 2536 autem
707 2465 739 2536 et'
761 2471 1020 2552 significationes
1043 2472 1177 2536 habitus
1199 2483 1327 2548 rerum,

250 2583 458 2646 diversitates
479 2583 666 2646 motionum
689 2587 723 2645 et
744 2580 969 2646 continentiae
991 2582 1171 2662 figurarum
1186 2589 1219 2645 et
1232 2583 1326 2662 posi·

250 2693 358 2758 tiones
379 2693 416 2756 in
436 2691 539 2768 locis,
559 2709 619 2774 per
640 2709 723 2772 quas
745 2691 784 2754 fit
803 2691 839 2754 in
862 2690 973 2773 planis
994 2692 1155 2774 speculis,
1178 2695 1216 2754 ut
1236 2703 1326 2754 unus

249 2802 339 2864 visus
364 2787 476 2865 rideat
502 2816 606 2865 unam
635 2801 776 2862 formam
806 2797 908 2863 unfus
936 2801 1042 2865 reici
1069 2819 1137 2866 non
1166 2805 1328 2877 mutatur,

250 2911 402 2992 quamvis
422 2911 466 2974 sit
487 2929 507 2975 a
528 2908 663 2991 speculo
685 2915 822 2975 remota.
1083 2995 1087 3002 ι

293 3023 368 3085 lietu
397 3019 489 3084 linea
516 3027 605 3084 recta
633 3035 732 3101 super
752 3018 878 3100 speculi
900 3017 993 3100 plani
1014 3019 1223 3100 superficiem
1255 3019 1323 3098 atq

252 3131 317 3210 (fic.
330 3133 400 3206 iil,
414 3131 523 3211 sitque
538 3128 628 3191 visus
642 3135 783 3210 punctus
795 3130 816 3192 d
830 3133 863 3192 et
875 3142 928 3192 res
942 3129 1083 3192 ridenda
1096 3145 1124 3201 e,
1140 3132 1174 3192 et
1185 3125 1326 3190 visibilis

250 3233 362 3304 radius
384 3240 442 3321 qui
463 3239 612 3320 procedit
632 3257 652 3302 a
668 3240 704 3312 d,
726 3237 924 3318 refringatur
943 3239 983 3300 ad
999 3255 1014 3300 e
1036 3238 1077 3300 ad
1095 3235 1250 3318 aequales
1269 3251 1327 3299 an·

191 3348 194 3360 '
250 3348 363 3431 gulos,
385 3349 494 3430 sitque
512 3347 598 3410 sicut
615 3346 730 3410 radius
747 3345 825 3410 dii.
847 3347 994 3410 Dicimus
1014 3365 1090 3429 ergo
1108 3348 1198 3428 quod
1217 3359 1237 3410 a
1253 3365 1325 3428 spe·

250 3454 328 3522 culo
342 3475 411 3522 non
425 3457 616 3537 refringitur
631 3457 673 3519 ad
688 3471 703 3519 a
718 3455 802 3519 alius
818 3455 930 3519 radius
949 3458 989 3519 de
1002 3455 1057 3519 hls
1073 3455 1129 3537 qui
1144 3455 1330 3536 procedunt

252 3585 272 3630 a
292 3573 417 3648 puncto
437 3567 459 3629 d
480 3563 523 3630 ad
538 3563 692 3646 aequales
712 3563 860 3645 angulos.
879 3563 912 3628 Si
927 3581 1004 3628 vero
1018 3561 1174 3646 possibile
1190 3571 1238 3627 est
1252 3563 1329 3638 hcc,

251 3675 450 3757 refringatur
463 3673 575 3739 radius
597 3677 680 3750 ἀτη
699 3675 779 3756 quia
792 3671 894 3755 igitur
908 3668 1048 3754 angulus
1070 3675 1141 3738 aid
1158 3673 1265 3736 maior
1280 3679 1329 3735 est

253 3787 374 3867 angulo
401 3787 492 3861 aad,
515 3791 548 3850 et
569 3783 713 3864 angulus
740 3785 806 3846 aba
833 3785 944 3848 minor
966 3789 1018 3847 est
1038 3778 1159 3864 angulo
1184 3801 1274 3862 qao,
1297 3787 1330 3846 et

252 3896 395 3977 augurius
420 3898 489 3960 abd
513 3895 662 3976 aequalis
689 3901 739 3958 est
760 3893 992 3974 angularia,
1020 3893 1082 3957 erit
1102 3893 1242 3974 angulus
1264 3909 1330 3971 cae

254 4006 361 4072 maior
377 4003 501 4088 angulo
519 4007 604 4069 aad.
632 4005 702 4071 ffcn
722 4018 800 4084 ergo
821 4003 1017 4083 refringatur
1037 4001 1149 4066 radius
1167 4005 1211 4066 cta
1231 4017 1329 4083 super

253 4113 378 4182 lineam
401 4134 442 4179 aa
468 4115 510 4179 ad
532 4113 686 4196 aequales
709 4113 857 4194 angulos.
889 4109 1097 4177 Manifestum
1120 4118 1169 4177 est
1191 4129 1267 4192 ergo
1291 4129 1330 4174 ex

533 4262 575 4324 .
1282 4253 1299 4302 6
