3550 5452
1276 645 1310 707 il

242 761 390 816 scotoma
412 759 444 816 et
466 751 708 826 tenebrositate,
731 767 815 830 quae
834 749 982 815 ascendit
996 753 1037 816 ad
1052 751 1201 828 oculum,
1217 769 1314 815 casus

241 863 330 926 enim
353 862 437 925 radii
460 879 560 941 super
577 879 647 924 rem
663 861 836 924 videndam
853 861 1003 939 sequitur
1017 869 1144 924 motum
1161 861 1315 943 principii

228 973 330 1034 'visus
344 971 446 1034 amoti
459 989 477 1034 a
488 971 681 1044 directione,
690 977 723 1034 et
734 987 850 1033 sensus
863 987 930 1032 non
941 970 1192 1050 comprehendit
1203 971 1317 1032 huius·

240 1081 330 1144 modi
353 1081 545 1143 motionem.
568 1079 777 1142 Existimetur
798 1097 874 1159 ergo
899 1079 987 1160 quod
1010 1078 1110 1155 visus,
1126 1082 1182 1159 qui
1199 1080 1316 1144 incidit

240 1209 339 1270 super
353 1205 456 1252 uuam
469 1205 539 1252 rem
553 1195 625 1268 post
638 1189 785 1264 alteram,
798 1196 978 1250 moveatur.
993 1190 1113 1252 forsan
1126 1197 1237 1252 aulem
1251 1189 1314 1253 boc

240 1299 391 1364 accidens
407 1300 443 1360 m
461 1317 499 1362 ex
517 1299 765 1361 continuatione
785 1314 860 1359 cum
880 1298 991 1371 rebus,
1011 1313 1095 1378 quas
1112 1297 1204 1361 visus
1220 1285 1330 1378 penes
1401 1379 1404 1384 Ι

240 1417 312 1482 trat,
326 1413 362 1470 ut
372 1407 491 1471 accidit
505 1409 539 1468 in
556 1425 595 1470 eo
612 1409 701 1487 quod
715 1407 846 1469 videtur
860 1407 895 1467 iu
912 1406 1009 1488 aquis
1026 1425 1112 1488 quae
1126 1415 1314 1486 moventem

240 1517 367 1581 videtur
382 1517 471 1580 euim
488 1516 612 1580 moveri
628 1533 705 1580 curn
721 1523 815 1578 motu
832 1532 947 1596 aquae,
961 1511 1000 1580 ed
1013 1515 1101 1595 quod
1114 1533 1189 1578 cum
1203 1533 1315 1599 super-

239 1627 330 1690 tloies
356 1643 463 1706 aquae
490 1633 660 1700 movetur,
685 1625 874 1688 elllciuntur
900 1625 931 1688 ei
954 1624 1084 1689 diversa
1106 1625 1194 1703 loca3
1218 1627 1315 1690 etsie

239 1737 317 1799 facit
342 1735 427 1798 illud
453 1753 510 1815 per
536 1735 624 1814 quod
653 1751 706 1796 res
735 1733 875 1797 videnda
896 1733 1071 1816 aspicitur,
1093 1734 1205 1815 plures
1229 1737 1313 1799 radii

238 1845 397 1921 visibiles,
421 1853 453 1908 et
475 1851 611 1926 apparet
631 1861 684 1908 res
706 1843 847 1909 videnda
866 1844 901 1907 in
925 1843 1077 1926 pluribus
1100 1844 1195 1923 locis,
1218 1854 1250 1910 et
1266 1846 1313 1909 vi-

239 1956 334 2018 detur
355 1953 492 2017 moveri.
1287 2024 1289 2032 Ι

279 2065 366 2127 Haeo
395 2064 507 2144 itaque
538 2071 617 2126 suut
638 2080 677 2126 ea
700 2080 786 2144 quae
808 2061 1102 2127 determinavimus
1127 2062 1166 2126 de
1183 2065 1317 2144 specie·

238 2175 300 2236 bus
320 2172 490 2248 fallaciae,
515 2190 600 2254 quae
623 2172 661 2234 tlt
683 2191 722 2236 ex
743 2171 957 2253 passionibus
980 2171 1068 2235 visui
1090 2171 1314 2236 accidentibus

241 2283 288 2344 ab
308 2281 473 2346 universis
499 2281 598 2344 rebus
627 2281 789 2344 videndis.
815 2281 944 2346 Debent
965 2299 1042 2363 ergo
1064 2281 1118 2346 bis
1139 2283 1316 2348 succedere

240 2409 301 2467 ea,
330 2408 415 2472 quae
439 2390 593 2454 accidunt
614 2389 649 2453 in
671 2391 859 2472 positione,
882 2391 1012 2456 fallacia
1034 2393 1148 2468 enirn,
1171 2411 1256 2473 quae
1280 2393 1314 2456 iu

239 2499 404 2564 coloribus
427 2499 559 2576 accidit,
583 2519 622 2563 ex
643 2501 800 2581 passione
821 2501 913 2564 visus
936 2502 974 2564 llt
993 2509 1132 2567 tautum.
1153 2506 1316 2583 apparent

240 2617 361 2674 autem
382 2628 467 2692 quae
496 2608 640 2674 diximus
661 2610 697 2672 iu
719 2610 885 2690 positione
909 2619 940 2675 et
962 2612 1126 2674 universis
1148 2613 1246 2674 rebus
1268 2612 1316 2674 vi-

241 2719 356 2784 dendis
384 2719 484 2782 modo
513 2717 638 2799 duplici
670 2719 710 2782 ad
741 2717 834 2800 plus:
864 2725 921 2782 aut
947 2720 1037 2784 euim
1059 2719 1122 2783 buo
1144 2719 1181 2783 fit
1202 2739 1240 2784 ex
1262 2737 1316 2784 co·

238 2828 367 2892 loribus
389 2828 572 2892 diversitati
593 2830 818 2892 subiectarum
840 2847 952 2893 rerum
974 2830 1254 2911 contingentibus,
1279 2832 1312 2894 iu

236 2938 357 3018 quibus
379 2938 507 3002 fallitur
527 2957 658 3014 sensus,
675 2957 753 3001 cum
775 2939 922 3018 privatur
939 2955 959 3002 a
977 2941 1109 3020 propria
1126 2941 1313 3004 considera·

238 3050 329 3112 tione
350 3067 425 3126 sua,
449 3057 481 3113 et
502 3051 638 3112 vertitur
660 3050 701 3112 ad
718 3047 1063 3128 comprehendendam
1081 3067 1152 3113 rem
1171 3069 1230 3130 per
1247 3053 1313 3130 pri·

238 3177 328 3224 mam
350 3161 537 3240 passionem
566 3179 682 3238 suam;
714 3166 770 3224 aut
797 3161 833 3222 er
858 3161 1045 3241 peripsam
1068 3153 1313 3244 ordinationem

238 3267 421 3332 visibilium
443 3270 634 3344 radiorum,
656 3287 733 3333 cum
755 3269 790 3333 id
813 3270 903 3350 quod
920 3270 1124 3346 *discernitur
1148 3271 1189 3334 de
1214 3271 1313 3335 robus

239 3378 402 3456 videndis,
425 3397 492 3442 uon
515 3379 744 3442 consideratur
770 3380 953 3442 secundum
984 3381 1072 3460 quod
1095 3379 1187 3444 decet
1208 3381 1243 3443 iu
1267 3381 1315 3444 di·

237 3487 467 3564 versitatibus,
490 3489 549 3552 sed
576 3488 613 3550 tlt
641 3488 737 3552 aliter
758 3487 901 3553 faciliori
922 3489 1030 3553 modo.
1059 3490 1184 3554 Rerum
1207 3491 1313 3566 enim,

237 3615 322 3677 quae
345 3597 381 3660 iu
403 3617 471 3662 uuo
494 3596 567 3661 loeo
586 3607 673 3672 suut,
692 3597 770 3662 illae
786 3615 871 3679 quae
887 3597 1011 3662 babent
1025 3598 1187 3663 maiorem
1203 3599 1313 3682 splen·

237 3707 380 3782 dorem„
403 3715 560 3788 apparent
588 3707 853 3788 propinquiores.
885 3709 922 3771 ln
946 3707 999 3771 bis
1022 3716 1133 3772 autem
1163 3708 1312 3773 fallaciae

236 3835 338 3879 causa
354 3817 488 3879 videndi
506 3835 578 3880 rem
598 3817 761 3880 occultam
781 3836 846 3880 non
866 3826 915 3880 est
933 3836 971 3882 ex
988 3817 1195 3898 longitudine
1214 3819 1312 3894 radii,

238 3943 315 3987 curn
337 3925 443 3989 multa
466 3927 566 3990 fuerit
591 3926 765 4002 distantia,
793 3927 851 3990 sed
878 3945 916 3990 ex
944 3927 1130 3992 diversitate
1155 3925 1313 3991 colorum.

237 4033 360 4102 Iterum
377 4035 425 4098 rei
440 4035 580 4111 lucidae,
593 4042 629 4098 ut
643 4036 723 4098 solis
740 4043 773 4100 et
787 4036 898 4111 lunae,
911 4035 985 4099 loca
1000 4036 1227 4100 existimantur
1240 4053 1312 4100 esse

237 4144 490 4226 propinquiora3
521 4163 573 4208 res
602 4152 712 4208 autom
742 4145 904 4210 babentes
936 4147 1098 4210 occultam
1129 4145 1311 4210 claritatem
