3512 5456
478 593 562 662 tte,

475 728 528 784 es,
550 709 609 782 eh,
630 716 679 783 et,
702 707 756 782 clv,
778 711 821 782 et,
844 725 906 769 em.
939 707 1030 780 Quod
1053 723 1129 787 ergo
1152 707 1251 770 luerit
1271 707 1357 770 inter
1379 707 1415 770 ht
1438 714 1471 770 et
1491 707 1545 780 tt,

476 828 509 883 et
537 835 636 882 omne
659 818 747 898 quod
778 817 931 882 ceciderit
962 835 1062 898 super
1083 817 1221 898 angulos
1244 831 1318 880 cum
1340 817 1548 897 retringitur,

476 931 565 994 cadit
586 929 834 1009 extradguram
860 927 1005 1008 speculi,
1035 928 1122 1008 quod
1146 936 1256 992 autem
1277 927 1378 990 luerit
1399 926 1547 992 intersit

477 1049 510 1104 et
532 1039 568 1103 tt
590 1047 622 1102 et
644 1041 692 1102 lm
720 1057 796 1102 cum
825 1039 1037 1118 retringitur,
1068 1038 1156 1102 cadit
1185 1045 1276 1101 extra
1305 1037 1446 1116 liguram
1474 1057 1546 1118 spe·

476 1151 559 1226 culi,
583 1156 616 1214 et
638 1167 794 1213 numerus
817 1150 997 1212 formarum
1020 1167 1131 1212 earum
1156 1149 1218 1212 erit
1239 1145 1388 1229 aequalis
1409 1167 1548 1214 numero

477 1261 700 1343 speculorum.
738 1261 966 1340 Unusquisque
989 1261 1079 1323 enim
1100 1261 1267 1324 radiorum
1288 1259 1501 1326 redactorum
1530 1279 1549 1323 e

476 1370 782 1452 speculocontinet
810 1378 936 1446 totum,
965 1378 1076 1434 tamen
1105 1389 1173 1434 uon
1202 1389 1319 1436 omnes
1345 1371 1548 1437 coniunctio·

478 1499 553 1558 nes,
573 1483 660 1564 iprae
683 1481 761 1544 iude
784 1481 882 1555 flunt,
906 1489 1004 1546 erunt
1025 1483 1217 1556 continuae,
1239 1483 1298 1545 sed
1317 1489 1412 1546 erunt
1425 1481 1549 1563 disgre-

476 1600 568 1674 gatae
597 1609 699 1673 penes
713 1635 717 1640 -
732 1592 957 1667 minutiones,
990 1599 1021 1656 et
1048 1594 1110 1654 erit
1131 1593 1284 1656 refractio
1308 1611 1327 1656 a
1346 1593 1444 1656 rebus
1466 1610 1548 1674 quae

476 1709 554 1766 sunt
575 1709 661 1766 extra
683 1703 823 1782 liguram
846 1703 993 1784 speculi3
1016 1710 1048 1765 et
1070 1703 1156 1766 sicut
1177 1704 1212 1766 in
1235 1705 1333 1768 rebus
1355 1721 1439 1786 quae
1461 1711 1549 1768 recte

477 1813 651 1886 videntur,
674 1812 751 1876 illae
774 1831 857 1892 quae
881 1823 959 1876 sunt
981 1814 1204 1895 disgregatae„
1229 1823 1387 1896 apparent
1414 1815 1550 1906 manile·

477 1925 575 1997 etius,
597 1925 645 1987 sic
668 1925 788 1987 iterum
810 1932 843 1988 et
863 1923 918 1988 hic
939 1943 1008 1988 una
1022 1921 1095 1999 les,
1119 1943 1218 2006 quarn
1241 1926 1387 1990 eontinet
1408 1924 1548 2006 angulus

477 2041 646 2115 separatus
668 2042 701 2098 et
718 2035 858 2098 visibilis
876 2035 997 2110 radius,
1013 2053 1080 2099 non
1099 2045 1232 2117 apparet
1249 2037 1407 2100 continua
1424 2038 1460 2100 in
1478 2037 1548 2117 plu-

477 2146 568 2208 ribus
589 2145 690 2218 locis,
713 2163 853 2224 quorum
875 2145 987 2226 anguli
1008 2146 1132 2210 habeut
1154 2165 1331 2210 numerum
1354 2147 1548 2238 aequalem,

481 2275 558 2320 cum
584 2273 718 2337 prorsus
742 2274 810 2320 non
833 2257 930 2319 fuerit
953 2257 1121 2320 diversitas
1143 2259 1177 2320 in
1199 2277 1338 2322 numero
1359 2260 1553 2333 formarum,

479 2374 513 2430 et
527 2367 634 2446 ligura
645 2365 773 2448 speculi
786 2367 821 2428 in
839 2367 1000 2448 principio
1016 2375 1122 2433 taxato
1141 2378 1231 2432 recta
1249 2370 1397 2446 extiterit,
1410 2378 1442 2433 et
1453 2369 1552 2432 luerit

481 2477 516 2540 in
533 2477 610 2558 'ipso
632 2475 765 2558 speculo
784 2479 926 2540 curvitas
945 2487 1001 2542 aut
1018 2479 1218 2554 concavitas,
1234 2487 1267 2544 et
1284 2481 1325 2544 de
1339 2479 1481 2560 augulis
1496 2481 1553 2560 qui

479 2593 557 2652 sunt
578 2605 679 2669 penes
702 2588 992 2665 coniunctionem,
1013 2590 1095 2652 dant
1116 2591 1319 2654 minutiones
1342 2590 1549 2664 necessario;

479 2706 590 2762 tamen
612 2699 721 2778 potius
742 2697 827 2760 fiunt
848 2699 1050 2764 diversitates
1072 2700 1105 2762 in
1129 2702 1273 2764 essentia
1294 2721 1354 2765 sue
1376 2710 1409 2766 et
1431 2703 1466 2764 in
1483 2719 1553 2764 mo-

479 2809 648 2872 deratione
667 2808 897 2872 distantiarum
917 2809 951 2871 in
966 2828 1163 2890 unaqueque
1181 2812 1360 2874 lormerum
1378 2820 1410 2874 et
1426 2811 1553 2875 assimi-

479 2919 601 2982 latione
625 2919 727 2995 situs,
755 2925 812 2982 aut
835 2938 901 2982 nou
924 2921 969 2982 ita
991 2921 1047 2995 tlt,
1070 2922 1128 2984 sed
1150 2921 1187 2982 fit
1209 2924 1430 2996 contrarium„
1453 2923 1552 3003 fitque

482 3032 587 3092 torma
606 3029 707 3094 unius
729 3031 776 3094 rei
798 3029 833 3092 in
851 3029 999 3110 pluribus
1016 3031 1156 3112 spec-ulie
1174 3034 1355 3097 secundum
1377 3052 1553 3096 nnmerum
1603 3081 1608 3089 .

482 3141 683 3221 superficiei,
710 3149 743 3204 et
764 3142 937 3222 praecipue
960 3141 1081 3223 planis,
1104 3144 1138 3205 in
1162 3145 1280 3224 quibus
1303 3144 1340 3206 flt
1362 3145 1553 3208 constitutio

484 3251 685 3326 termarum,
713 3252 797 3314 sicut
817 3254 934 3315 accidit
955 3271 1030 3316 eum
1053 3254 1150 3317 fuerit
1172 3256 1260 3317 visus
1284 3263 1315 3319 et
1337 3273 1389 3318 res
1415 3255 1556 3320 videnda

483 3360 684 3436 hincinde,
711 3369 744 3425 et
769 3363 868 3426 luerit
893 3363 980 3427 inter
1008 3383 1064 3428 eos
1090 3365 1198 3446 posita
1222 3383 1276 3429 res
1303 3373 1425 3446 tegens.
1458 3365 1555 3431 Plura

485 3473 575 3537 enim
602 3473 687 3535 flunt
715 3473 750 3534 in
777 3473 967 3562 huiusmodi
995 3477 1159 3556 positione
1180 3477 1363 3540 secundum
1385 3477 1554 3541 circuitio·
1588 3491 1593 3506 ¹

484 3599 562 3648 nem
583 3583 667 3646 redii
690 3585 726 3646 iu
750 3583 876 3648 duobus
897 3585 950 3648 vel
972 3585 1119 3667 pluribus
1148 3587 1291 3668 speculis
1323 3589 1430 3669 plenis
1453 3589 1556 3654 susci·

484 3693 652 3775 pientinus
683 3695 984 3760 reverberationem
1015 3697 1056 3761 ad
1088 3713 1159 3762 rem
1190 3699 1387 3775 videndam,
1415 3707 1447 3764 et
1473 3699 1558 3764 fiunt

453 3801 455 3807 “
484 3805 609 3871 termae
628 3821 744 3868 comm
758 3807 940 3871 secundum
957 3807 1172 3872 directionem
1189 3811 1280 3872 radii.
1298 3810 1439 3892 sicergo
1455 3829 1558 3876 exem

486 3913 589 3996 plum,
605 3933 670 3996 quo
689 3917 770 3980 flant
783 3918 961 3981 manifesta
976 3936 1060 3998 quae
1077 3919 1229 3995 diximus,
1245 3922 1322 3986 tale.
1339 3922 1560 3986 Constituatur

487 4025 579 4090 usus
592 4027 627 4088 in
644 4036 765 4108 puncto
779 4047 799 4091 a
816 4029 878 4110 (ily.
892 4032 961 4105 77),
977 4037 1009 4092 et
1026 4048 1078 4093 res
1092 4031 1235 4096 videnda
1249 4034 1293 4096 sit
1307 4034 1336 4108 b,
1352 4042 1385 4097 et
1399 4035 1486 4098 inter
1502 4051 1558 4098 eos

491 4135 600 4226 eliqua
614 4140 806 4220 magnitudo
820 4148 944 4222 tegens,
958 4148 990 4204 et
1004 4143 1047 4205 sit
1060 4162 1089 4222 p,
1101 4150 1138 4208 ¹et
1149 4143 1381 4224 protrahantur
1390 4155 1415 4209 'a
1428 4145 1560 4228 punctis
