3512 5456
1247 597 1309 662 tot

237 700 381 766 serimus
406 701 480 776 ott,
509 707 542 764 et
569 703 777 782 posuerimus
799 721 869 766 nem
892 704 1067 768 videndam
1094 723 1193 786 super
1220 707 1250 781 l,
1279 714 1313 771 et

238 811 490 891 protraxerimus
512 811 553 874 ab
576 829 615 876 eo
638 812 941 893 perpendicularem
959 815 1035 877 imo
1056 832 1153 895 super
1169 835 1228 894 op,
1251 817 1312 880 erit

236 920 367 983 format
389 901 424 983 in
448 920 520 984 looo
534 939 583 994 m,
607 929 640 984 et
663 921 770 986 forma
790 941 875 1002 quae
893 923 1020 988 videtur
1037 942 1136 1005 super
1153 933 1311 1006 puuotum

237 1049 290 1104 m,
316 1031 378 1094 erit
405 1031 563 1096 remotior
591 1049 691 1112 quam
718 1033 824 1096 torma
850 1051 935 1112 quae
957 1033 1085 1098 videtur
1105 1052 1204 1116 super
1224 1053 1311 1116 pun·

238 1146 328 1204 otum
350 1140 369 1200 t
390 1158 458 1206 non
482 1141 544 1206 erit
564 1141 724 1206 remotior
738 1140 941 1223 simpliciter,
955 1143 1014 1207 sed
1027 1145 1211 1208 seeundum
1225 1146 1313 1225 quod

239 1249 270 1312 ei
296 1248 437 1331 pertinet
465 1250 500 1314 in
527 1251 750 1332 proportione.
777 1251 858 1324 Quia
885 1269 962 1332 ergo
985 1263 1020 1333 tp
1042 1260 1074 1317 et
1095 1253 1135 1316 te
1156 1253 1191 1317 in
1216 1253 1313 1334 plana

239 1359 412 1440 superficie
439 1368 516 1424 sunt
543 1361 818 1441 aequidistantes,
842 1362 903 1426 erit
927 1362 1042 1443 utique
1064 1364 1231 1446 proportio
1252 1383 1313 1428 mo

240 1469 280 1532 ad
296 1469 340 1548 lep
363 1469 447 1534 siout
467 1471 634 1552 proportio
650 1469 706 1534 oab
729 1471 771 1534 ad
787 1470 845 1546 leb,
856 1477 901 1535 et
920 1472 1085 1554 proportio
1100 1474 1134 1536 id
1152 1473 1193 1538 ad
1211 1475 1244 1537 tt
1262 1491 1313 1538 ea·

240 1579 328 1654 dem,
351 1580 460 1644 eterit
477 1581 641 1661 proportio
656 1600 714 1644 mo
732 1581 772 1644 ad
789 1581 830 1660 tp
851 1583 936 1645 siout
950 1583 1116 1662 proportio
1138 1584 1172 1645 lb
1194 1584 1235 1646 ad
1258 1583 1311 1659 bt‚·

238 1690 497 1754 demonstratum
519 1697 567 1754 est
588 1707 665 1770 ergo
680 1691 715 1754 id
729 1690 817 1770 quod
832 1690 950 1754 aooidit
964 1691 1000 1753 in
1015 1709 1052 1755 re
1067 1707 1151 1771 quae
1166 1701 1309 1773 apparet,
1379 1695 1381 1700 ’

239 1815 314 1862 oum
335 1799 424 1866 rinus
445 1798 600 1864 fueritin
621 1799 787 1864 subtiliori
809 1817 954 1881 oorpore.

152 1917 160 1928 '
281 1909 361 1972 dum
388 1911 487 1974 inerit
514 1917 625 1974 sutem
653 1909 742 1972 visua
768 1910 894 1991 positus
916 1911 951 1972 in
975 1911 1129 1989 grossiori
1152 1929 1311 1993 corporo,

242 2020 405 2100 proportio
429 2018 600 2082 distantiae
622 2019 665 2082 ad
686 2019 874 2082 distantiam
892 2019 955 2082 erit
968 2018 1087 2082 similis
1101 2037 1159 2100 per
1175 2038 1214 2083 eo
1228 2037 1313 2101 quse

241 2128 394 2204 diximum
419 2128 574 2194 distantia
595 2145 671 2192 vero
695 2127 873 2208 figurarum
894 2147 1004 2192 rerum
1020 2129 1234 2202 videndorum
1249 2131 1312 2194 erit

241 2239 347 2302 maior
360 2255 459 2316 quem
473 2238 630 2302 distantia
644 2255 757 2302 rerum
766 2227 932 2302 ¹verarum.
950 2237 983 2300 si
999 2238 1089 2302 enirn
1102 2240 1311 2319 posuerimus

241 2347 364 2410 lineam
375 2348 425 2410 tu
439 2348 527 2430 qnod
537 2348 578 2410 ait
590 2347 682 2422 iiexa,
695 2349 898 2412 constituens
911 2347 1067 2427 angurium
1079 2349 1138 2412 tot
1151 2349 1312 2412 maiorem

243 2455 362 2537 annulo
389 2459 474 2532 doz,
501 2457 729 2538 proportiones
757 2457 872 2536 utique
901 2457 1131 2520 distantiarum
1157 2473 1314 2522 remano·

241 2567 324 2632 bunt
346 2566 386 2630 ad
408 2567 550 2630 invicem
571 2568 606 2630 in
629 2573 716 2630 statu
734 2585 805 2642 auo,
822 2558 991 2647 pro'portio
1008 2567 1098 2630 enim
1114 2566 1312 2630 distantiaet

241 2676 282 2764 ad
304 2675 518 2741 distantiamt
539 2694 652 2740 rursus
669 2677 730 2740 erit
743 2677 829 2740 siout
847 2675 1013 2757 proportio
1032 2675 1205 2738 distantiae
1222 2693 1254 2738 m
1273 2675 1314 2741 ad

243 2785 429 2851 distantiam
453 2786 480 2849 Ιι.
504 2785 539 2848 Ιιι
562 2803 759 2866 unaquoque
785 2792 896 2849 autem
924 2803 1038 2849 aarum
1065 2784 1103 2848 tt
1124 2803 1142 2848 e
1165 2785 1314 2862 dirers03

241 2895 360 2974 positio
376 2896 465 2958 enim
480 2905 502 2970 t,
521 2912 605 2976 quea
624 2902 672 2958 est
687 2913 739 2958 res
751 2895 901 2967 videnda,
915 2895 977 2958 erit
988 2895 1202 2976 propinquior
1214 2910 1315 2976 puram

242 2987 348 3070 torma
368 3023 428 3070 sua
443 3005 636 3084 praeestis,
651 3011 689 3067 nt
703 3003 822 3085 positio
838 3006 848 3066 i
863 3004 1191 3096 propinquior-quem
1208 3005 1316 3068 iornra

242 3131 304 3176 sua
325 3121 481 3195 quaeest
500 3133 542 3176 m.
1081 3093 1083 3100 ¹
1134 3129 1137 3136 ·

287 3225 409 3288 Rursus
431 3223 663 3305 protrahantur
684 3241 703 3286 a
724 3224 797 3286 viru
817 3226 837 3286 d
861 3223 924 3303 (tp.
941 3222 1018 3298 idat
1043 3223 1107 3286 duo
1122 3223 1207 3286 radii
1221 3223 1263 3286 ad
1278 3222 1316 3286 li·

244 3350 342 3398 neam
362 3351 420 3411 oo,
442 3340 475 3398 et
495 3333 562 3398 sint
583 3336 642 3410 do,
664 3335 724 3412 dp,
747 3334 880 3412 sintque
897 3331 1088 3396 ulammaus
1103 3331 1316 3413 perpendito·

244 3442 321 3509 laris
332 3443 406 3516 dte,
422 3450 454 3506 et
468 3442 642 3506 fleetuntur
652 3443 694 3506 ad
706 3442 867 3506 diversam
883 3448 1007 3520 partem
1023 3438 1316 3524 porpendiorlaris,

245 3569 343 3632 super
353 3569 404 3628 oz,
417 3553 471 3631 hp,
483 3559 517 3616 et
528 3553 718 3617 contineant
731 3551 879 3632 aliquam
892 3549 1166 3630 magnitudinem,
1178 3565 1263 3629 ptrue
1274 3551 1318 3612 sit

244 3659 334 3730 tinea
354 3661 511 3742 oopulans
534 3661 693 3726 terminos
715 3660 953 3740 magnitudinis
967 3661 1046 3734 ret,
1070 3665 1103 3722 et
1124 3657 1318 3740 copulentur

236 3769 353 3838 'linoae
375 3773 434 3847 or,
456 3772 511 3836 dt.
534 3770 742 3836 Manifestum
760 3779 902 3850 astorgo
919 3753 1006 3850 puod
1023 3766 1246 3848 angulmodp
1268 3777 1317 3834 est

246 3880 352 3945 maior
373 3879 494 3960 angulo
515 3882 597 3956 adit,
621 3879 778 3960 qrroniam
798 3880 954 3944 flexiones
972 3877 1139 3942 deaurant
1156 3878 1198 3943 ad
1213 3875 1318 3942 divar·

247 4007 317 4058 sam
340 3997 464 4070 partem
486 3988 779 4072 perpendicularis,
801 3995 834 4054 et
854 3989 1015 4054 videbitur
1034 3989 1081 4052 rit
1102 4005 1178 4054 eum
1201 3985 1317 4052 maiori

249 4097 380 4178 angulo,
403 4098 558 4166 distantia
579 4106 613 4164 et
633 4098 797 4180 positione
812 4099 1023 4162 manentibus
1038 4098 1073 4162 in
1089 4098 1205 4163 eodem
1219 4103 1317 4162 statu.
