3550 5452
453 607 495 672 di

452 715 585 798 punctis
599 734 662 794 ομ
680 716 766 782 duae
784 710 1077 796 perpendicnarer
1089 730 1189 795 ruper
1204 729 1263 806 ep,
1278 719 1312 778 et
1325 715 1394 784 rint
1406 731 1464 790 ec,
1476 732 1535 796 ro,

452 834 487 892 ot
505 827 732 908 producantur
752 825 815 890 hae
839 824 924 888 duae
944 822 1245 906 perpendiculares,
1263 841 1438 905 quomque
1452 823 1531 890 iun·

453 942 571 1017 mitur
587 953 666 1000 cum
680 935 810 1000 manue
822 934 926 1000 lineiu
936 936 984 998 dt
997 940 1032 998 et
1045 936 1100 1010 dt,
1116 949 1194 998 curn
1207 930 1334 1000 inerint
1346 941 1533 1015 protractae

453 1063 554 1128 anper
572 1052 714 1126 punctos
737 1045 774 1120 i,
786 1047 812 1120 t,
834 1051 868 1108 et
888 1043 1064 1126 copuletur
1083 1042 1175 1108 Enna
1187 1043 1242 1118 tt·
1263 1041 1300 1106 in
1313 1050 1437 1124 puncto
1452 1060 1535 1126 ergo

455 1155 477 1220 t
499 1155 562 1218 erit
582 1154 689 1220 forma
709 1155 826 1236 puncti
846 1171 881 1230 c,
904 1151 992 1218 etin
1015 1159 1138 1233 puncto
1166 1151 1179 1215 i
1205 1151 1269 1218 erit
1288 1151 1396 1218 forma
1416 1154 1531 1235 puncti

423 1329 424 1332 ,
452 1281 489 1339 ι,·
509 1261 600 1330 linea
620 1270 732 1328 autern
752 1262 788 1325 tt
808 1261 982 1344 copulabit
998 1269 1157 1344 utraeque
1170 1259 1392 1338 extremitatce
1405 1263 1534 1328 formae

452 1373 522 1448 rai,
534 1372 744 1440 Maniiaatum
766 1379 817 1438 eat
837 1389 916 1452 ergo
938 1389 977 1436 ex
998 1371 1052 1436 hir
1073 1388 1159 1452 qnae
1176 1370 1332 1447 dirimet,
1346 1371 1438 1452 quod
1450 1363 1531 1436 'cum

453 1482 569 1564 anguli
595 1483 723 1564 figurae
743 1501 779 1558 o,
793 1501 828 1564 p,
845 1500 911 1560 m
935 1481 1063 1546 inerint
1083 1480 1188 1556 recti,
1215 1485 1346 1562 oportet
1364 1485 1404 1544 ut
1421 1497 1467 1562 op
1486 1481 1531 1546 ait

454 1593 543 1658 aicut
562 1611 617 1670 ca,
640 1600 674 1657 et
694 1612 736 1658 ca
755 1593 842 1657 siout
861 1610 916 1671 pa.
942 1590 1092 1656 Diximua
1115 1607 1252 1672 quoquo
1273 1590 1310 1653 in
1332 1589 1531 1672 praetaxatis

452 1702 635 1784 principiis,
658 1702 750 1784 quod
770 1721 812 1767 ce
831 1705 883 1766 eat
903 1707 943 1764 ut
957 1700 1019 1775 cit,
1040 1707 1073 1764 ct
1091 1717 1137 1780 pr
1157 1700 1309 1778 aicutyk
1331 1705 1437 1764 totum
1452 1717 1533 1782 ergo

452 1811 520 1876 ecit
540 1819 591 1878 ort
611 1811 699 1876 sicut
720 1817 829 1876 tutam
849 1813 928 1890 act,
950 1815 984 1874 et
1001 1811 1042 1874 rt
1064 1808 1152 1874 sicut
1171 1825 1227 1885 cc,
1250 1815 1285 1874 et
1304 1808 1534 1890 duounguli,

453 1921 514 2001 qui
533 1927 614 1985 aunt
634 1937 736 2002 penca
758 1927 900 2002 punctos
914 1921 949 1996 t,
964 1921 990 1993 t,
1012 1925 1092 1983 runt
1111 1919 1203 1984 recti.
1225 1917 1296 1981 Erit
1316 1935 1400 2000 ergo
1408 1918 1535 1999 punitio

451 2031 563 2096 tineae
578 2047 665 2111 quae
677 2029 811 2112 copulat
824 2031 985 2096 terminon
999 2030 1126 2094 formae
1141 2028 1190 2092 rei
1203 2027 1366 2092 ridendae
1381 2027 1470 2092 runt
1482 2025 1531 2093 di·

451 2140 581 2217 rimua,
609 2147 643 2206 et
664 2139 729 2205 erit
746 2157 786 2204 cz
805 2145 956 2220 coaptata
977 2155 1080 2219 snper
1099 2138 1138 2200 tt
1158 2137 1195 2200 in
1217 2154 1263 2202 eo
1281 2137 1373 2218 quod
1392 2145 1532 2219 apparet

452 2249 541 2318 usui
567 2251 611 2326 d,
640 2254 673 2313 et
700 2249 764 2312 erit
785 2247 943 2312 distantia
959 2248 1034 2312 eiua
1055 2247 1247 2312 secundum'
1260 2246 1530 2328 oppositionem,

453 2365 488 2424 ot
507 2357 628 2422 cimilia
650 2356 826 2422 distantiae
849 2363 882 2421 et
903 2355 1062 2438 positioni
1083 2357 1173 2432 eiua,
1195 2362 1228 2418 et
1247 2355 1434 2420 continebit
1454 2372 1530 2419 eam

453 2487 542 2532 unus
569 2473 603 2531 et
622 2466 713 2532 idem
735 2467 896 2548 angulus,
919 2466 978 2548 qui
1000 2473 1051 2531 eet
1072 2466 1156 2542 idi,
1187 2481 1289 2546 quarn
1309 2481 1365 2530 raa
1384 2465 1528 2530 ridenda

452 2577 625 2642 ridebatur
645 2577 844 2641 contendere
866 2576 1052 2640 secundum
1074 2575 1278 2658 positionem
1298 2591 1429 2652 rerum,
1446 2591 1531 2656 quaa

451 2686 725 2768 praeposuimua;
747 2686 876 2750 formae
896 2685 986 2749 enim
999 2699 1227 2765 rcrom,t1uaa
1242 2683 1399 2766 aequatae
1413 2683 1530 2765 anguli

454 2797 643 2872 continent,
663 2813 741 2860 cum
762 2795 887 2862 fuerint
908 2811 970 2876 par
988 2793 1105 2858 onrnia
1124 2792 1293 2874 aequatas,
1311 2793 1527 2859 dahontnni-
1625 2803 1628 2810 ·

452 2905 623 2970 rereaiiter
650 2923 808 2988 apparere
835 2903 1004 2987 aequales.
1034 2905 1073 2968 In
1095 2902 1209 2985 plenia
1229 2903 1374 2986 spedulia
1394 2911 1531 2986 apparet

421 3055 427 3067 =
451 3015 560 3097 ligura
584 3015 714 3080 formae
738 3015 788 3080 rei
814 3013 1036 3098 quantitatem
1063 3012 1236 3088 habcntia,
1260 3012 1380 3076 similia
1399 3012 1530 3094 figurae

451 3143 547 3190 verae
567 3125 633 3202 rei,
655 3125 685 3188 ai
706 3130 795 3190 ercet
823 3125 931 3206 positu
951 3124 988 3188 in
1009 3122 1085 3188 loco
1105 3111 1254 3188 risibilir'
1267 3123 1354 3188 radii
1376 3123 1450 3189 nina
1470 3141 1527 3188 re·

451 3235 694 3300 verberatione.
793 3265 797 3272 ·

494 3346 570 3406 Esto
592 3343 698 3423 figura
719 3342 786 3422 (fio.
803 3341 863 3422 26)
882 3342 1013 3406 habena
1033 3340 1295 3424 naqrridistentia
1308 3339 1411 3406 latera
1424 3345 1458 3408 et
1471 3357 1529 3404 nn·

451 3451 548 3534 gulos
569 3458 678 3519 rectos
699 3453 812 3532 cicc,
833 3457 867 3516 et
887 3450 1079 3518 dividantur
1098 3451 1203 3518 latera
1224 3450 1298 3514 eiua
1318 3451 1356 3514 in
1373 3445 1461 3514 duae
1473 3467 1530 3514 aa·

452 3561 568 3644 quales
582 3561 694 3643 partes
709 3561 745 3624 in
759 3560 892 3642 punctio
904 3577 977 3640 m,
989 3563 1023 3638 t,
1037 3569 1062 3635 t,
1078 3567 1111 3626 et
1126 3560 1364 3642 protrahantur
1376 3559 1424 3623 ibi
1440 3557 1528 3624 duae

449 3672 558 3735 tineae
585 3671 670 3746 cti,
696 3671 783 3745 att,
811 3677 844 3734 et
864 3671 1112 3756 constituantur
1132 3671 1218 3734 duae
1241 3669 1529 3734 circumferentiae

427 3833 433 3843 .
449 3788 659 3846 transeuntes
672 3799 732 3864 per
745 3789 908 3863 puuctum
918 3799 948 3860 x,
960 3799 1104 3863 quarum
1118 3781 1225 3846 altera
1236 3781 1280 3844 eit
1294 3797 1525 3850 narraremus

448 3890 622 3973 speculum
644 3900 678 3955 ct
698 3892 829 3955 radium
852 3893 1056 3966 refractum,
1082 3898 1115 3956 et
1137 3889 1180 3954 sit
1201 3892 1293 3968 lacu
1320 3889 1425 3955 altera
1446 3907 1527 3954 vero

448 4001 717 4068 circumferentia
738 4003 782 4064 sit
803 4019 948 4068 concava
969 4001 1091 4066 similis
1113 4000 1179 4075 ilii,
1201 4008 1235 4065 et
1255 4002 1299 4064 eit
1318 4019 1402 4076 crs,
1424 4001 1471 4064 itu
1489 4005 1527 4062 ut

452 4113 494 4173 tr
527 4113 570 4176 sit
595 4113 878 4194 perpendicularis
908 4131 1008 4196 anper
1034 4129 1109 4188 eac,
1135 4113 1220 4176 aient
1251 4111 1369 4176 accidit
1397 4109 1433 4173 iri
1460 4109 1526 4174 nitu
