3550 5452
1280 593 1342 664 tol

266 713 318 777 ei.
334 709 482 776 Dicimus
496 725 583 792 ergo,
598 709 687 792 quod
701 707 970 776 reverberatio-fit
980 709 1022 774 ad
1034 707 1187 792 aequales
1200 708 1341 792 angulos

268 823 419 886 atrihue
451 821 607 904 punctio,
638 819 793 886 videlicet
820 837 840 884 a
866 827 989 903 puncto
1016 821 1033 882 i
1059 827 1092 884 et
1121 826 1244 904 puncto
1272 825 1343 886 tet

265 939 390 1016 puncto
410 931 880 1012 t.1tefrfnganmrergoradii
897 931 953 1007 ab,
976 931 1035 1008 ilc·
1056 939 1106 1006 at,
1129 933 1181 1008 ila·
1201 929 1260 1006 alc,
1281 928 1341 1008 left,

218 1129 223 1137 ι
267 1051 302 1108 et
326 1042 522 1124 copulentur
549 1041 655 1106 lineae
679 1043 735 1116 td,
755 1039 820 1117 kd3
843 1041 923 1123 quia
944 1059 1020 1122 ergo
1046 1059 1084 1104 ac
1106 1047 1157 1104 eet
1178 1041 1265 1106 siout
1284 1042 1342 1118 eli.

266 1160 305 1218 ot
319 1153 408 1218 linea
424 1155 462 1218 el
485 1159 535 1218 eet
549 1152 748 1230 communia,
763 1150 878 1231 anguli
893 1158 1015 1228 autem,
1029 1150 1088 1234 qui
1102 1156 1182 1216 eunt
1197 1168 1300 1234 penes
1314 1167 1340 1228 e,

267 1264 361 1340 recti,
387 1264 451 1328 erit
471 1260 612 1344 engtrlue
634 1263 698 1326 ela
725 1263 809 1326 sicut
831 1261 974 1344 angulus
996 1262 1078 1338 elles
1100 1261 1242 1342 angulus
1265 1277 1341 1344 ergo

262 1375 331 1436 etri
346 1373 433 1438 eiout
447 1372 587 1453 angulus
605 1373 689 1447 riti,
705 1379 738 1435 et
752 1370 894 1452 angulus
911 1371 983 1434 din
1001 1372 1087 1434 sicul
1100 1369 1241 1452 angulus
1256 1369 1344 1449 allelu

267 1483 533 1548 circumferentia
561 1482 652 1547 enim
677 1485 722 1546 dr
744 1488 794 1546 est
819 1482 904 1546 siout
932 1480 1198 1548 circumferentia
1223 1482 1285 1557 cli,
1311 1487 1345 1546 et

267 1594 380 1675 puncti
394 1592 454 1670 aa
474 1601 552 1658 eunt
563 1610 668 1674 nuper
682 1591 806 1656 lineam
821 1593 1079 1658 circumdantem
1094 1589 1266 1655 circulum.
1288 1591 1342 1654 Di·

264 1705 375 1768 mmun
398 1709 519 1780 autem,
540 1703 630 1790 quod
652 1701 739 1768 nlius
760 1703 873 1766 radius
891 1720 961 1766 non
975 1701 1168 1784 refringitur
1185 1719 1205 1766 a
1220 1707 1344 1783 puncto

265 1815 422 1880 existente
437 1814 524 1878 inter
537 1819 677 1895 punctos
693 1814 714 1888 l,
726 1831 759 1878 m
774 1814 814 1878 de
829 1812 1097 1876 circumferentia
1111 1813 1169 1888 lm,
1185 1812 1346 1894 quoniam

266 1923 406 2005 angulos
433 1924 491 2005 qui
517 1925 596 1987 eunt
622 1941 723 2004 penes
748 1929 889 2004 punctos
911 1932 923 1986 t
944 1931 977 1986 et
996 1922 1017 1984 lo
1038 1939 1139 2003 super
1167 1921 1351 1986 circumfe·.

267 2036 409 2100 rentiam
430 2031 545 2098 circuli
559 2033 640 2110 icit,
660 2033 864 2097 suhmndunt
877 2032 1161 2098 circumferentiae
1175 2033 1221 2096 ul
1236 2039 1269 2097 et
1283 2033 1346 2107 clla,

263 2152 302 2210 et
322 2145 399 2210 ideo
419 2144 458 2208 iit
477 2144 695 2210 reverberatio
722 2161 761 2208 ex
781 2142 836 2206 hia
858 2143 987 2210 duohue
1013 2141 1158 2232 punctio.
1186 2140 1246 2206 Ille
1265 2157 1345 2222 ‚vero

268 2259 327 2338 qui
350 2264 401 2322 eet
419 2273 523 2338 penes
545 2257 576 2330 b,
603 2254 811 2336 refringitur,
834 2254 914 2335 quia
935 2252 1026 2318 linea
1045 2255 1091 2317 ld
1111 2258 1201 2318 secet
1221 2251 1347 2318 lineam

265 2385 312 2448 oo
333 2367 376 2432 ad
395 2366 551 2448 aequales
573 2363 721 2446 angulos.
742 2364 796 2428 lili
818 2371 928 2429 autem
950 2364 1010 2445 qui
1033 2364 1117 2428 flunt
1138 2363 1227 2428 inter
1242 2361 1254 2425 l
1267 2369 1300 2427 et
1313 2381 1346 2426 m

264 2485 397 2558 cremer
411 2483 476 2540 tren
490 2483 630 2558 punctos
642 2475 839 2558 praedictos,
853 2493 921 2541 non
936 2475 1170 2556 refringuutur,
1185 2475 1346 2555 quoniam

268 2605 333 2652 nec
359 2588 445 2650 fiunt
466 2604 566 2670 nuper
592 2577 894 2651 circumferentiam
924 2583 1138 2662 eirculidtlt,
1162 2601 1225 2650 nec
1248 2600 1347 2666 anper

269 2703 419 2762 nanuum
442 2697 526 2762 eiua.
549 2697 601 2762 lili
623 2715 701 2762 vero
717 2696 775 2780 qui
789 2697 1017 2778 refringuutur
1038 2697 1126 2761 inter
1146 2697 1186 2761 ol
1207 2693 1260 2760 vel
1280 2713 1347 2776 am,

266 2808 484 2874 menifestum
506 2816 555 2872 eat
576 2809 666 2890 quod
687 2826 756 2872 non
777 2808 902 2872 hahent
924 2807 1077 2888 aequulei
1096 2805 1345 2888 angulossquo·
1372 2879 1375 2890 ,

187 2947 199 2960 ¹
267 2921 361 2986 niam
386 2937 458 2984 non
479 2919 670 2984 continetur
689 2925 844 2982 nanuum
864 2919 886 2981 d
907 2919 993 2984 inter
1014 2935 1046 2981 m
1068 2925 1181 2982 autem
1203 2923 1237 2982 et
1257 2919 1277 2983 l.

311 3030 345 3094 st
367 3028 524 3112 poeaibile
547 3037 611 3106 eat,
633 3029 832 3110 refringatur
852 3029 888 3090 in
905 3035 1094 3110 praetexata
1110 3029 1215 3108 figura
1231 3027 1347 3092 reclina

268 3143 356 3206 inter
376 3148 515 3222 punctos
538 3150 566 3215 t,
581 3141 597 3202 i
614 3140 677 3220 (fio.
694 3139 764 3216 tat,
779 3146 811 3204 et
825 3139 868 3202 eit
879 3142 967 3215 nale,
984 3146 1017 3203 ot
1030 3138 1143 3204 radius
1158 3137 1247 3202 inter
1259 3155 1345 3218 pun·

268 3261 340 3316 ctos
355 3250 388 3328 lt,
401 3271 448 3327 m,
470 3259 503 3316 et
523 3252 567 3316 ait
586 3253 665 3327 aei,
689 3257 722 3316 et
737 3250 962 3332 producantur
978 3249 1088 3314 lineae
1101 3251 1347 3328 dansatrices,

269 3370 302 3426 et
316 3361 514 3444 copulentur
528 3360 638 3426 lineae
651 3380 705 3437 za,
718 3379 764 3426 aa
778 3369 812 3426 et
826 3359 934 3426 lineae
949 3362 1012 3437 nli,
1026 3361 1078 3424 all.
1095 3360 1180 3436 Quia
1192 3377 1270 3440 ergo
1285 3359 1347 3422 nir·

269 3473 487 3541 onmlereutiu
507 3471 552 3536 tiz
575 3478 626 3536 eet
646 3473 732 3536 aiom
753 3469 1021 3536 circumferentia
1037 3473 1098 3546 tile,
1123 3469 1187 3535 erit
1204 3468 1347 3550 angulus

268 3583 331 3663 aid
351 3585 438 3648 sicut
459 3582 603 3663 angtssue
615 3584 695 3663 ost,
717 3589 751 3646 et
764 3581 987 3662 engulue'zcd
1007 3582 1094 3646 sicut
1108 3579 1249 3663 angtrlue
1262 3580 1346 3650 occ:

268 3693 412 3774 anguine
440 3700 553 3758 autam
578 3694 653 3757 aad
674 3692 738 3756 fnit
765 3693 852 3756 sicut
877 3691 1019 3774 angulus
1039 3694 1128 3768 dale,
1154 3699 1187 3756 et
1207 3689 1348 3773 angtssue
1413 3685 1415 3694 ’

268 3805 335 3868 aad
358 3806 447 3868 einut
475 3803 837 3884 augmentaverunt
865 3819 941 3884 ergo
970 3801 1084 3881 auguli
1110 3800 1266 3882 trianguli
1285 3802 1354 3878 ms

267 3914 359 3978 aiom
383 3914 497 3996 anguli
527 3912 686 3996 trianguli
706 3915 787 3993 isa,
810 3920 842 3977 et
867 3912 982 3992 anguli
1002 3911 1161 3994 trianguli
1181 3929 1242 3975 aaz
1262 3911 1348 3974 eieut

270 4024 386 4106 anguli
414 4023 678 4106 euangelista,
708 4029 741 4089 et
767 4022 871 4088 latera
898 4028 953 4104 fo,
976 4041 1013 4088 aa
1040 4029 1119 4086 aunt
1145 4021 1345 4088 communia

269 4137 374 4202 Linea
394 4149 473 4217 ereo
485 4155 548 4202 an
562 4137 613 4202 eet
630 4136 716 4200 nient
732 4135 824 4201 linea
842 4136 905 4213 ln,
928 4143 962 4206 et
982 4133 1073 4200 linea
1092 4150 1129 4200 rr
1151 4133 1237 4198 amnt
1257 4132 1349 4198 linea
