3512 5456
1273 551 1334 620 tta

218 749 222 756 Ι
256 664 342 728 situs
366 680 469 746 pones
491 669 650 745 punctum
676 683 710 742 z,
738 671 908 745 tamquam
930 663 959 728 si
981 669 1125 746 punctus
1147 665 1169 728 lt
1191 645 1279 728 esset
1299 664 1334 727 in

260 781 385 854 puncto
406 792 444 850 μς
468 780 499 838 et
521 772 551 838 si
573 774 784 856 posuerimus
805 775 914 838 visum
936 793 1036 856 super
1057 779 1216 856 punctum
1231 776 1267 850 b,
1281 773 1333 838 ri·

259 885 414 951 dabimus
436 891 598 966 punctum
611 903 631 947 a
651 885 687 948 in
710 891 833 966 puncto
846 888 873 964 t,
888 893 920 948 at
935 887 997 948 erit
1010 883 1117 948 forma
1131 891 1206 950 ante
1221 901 1336 964 specu·

261 993 332 1058 lum
349 995 560 1060 intervisam
576 1002 609 1060 et
624 994 797 1076 speculum
815 1002 947 1076 propter
960 1001 1146 1076 praetaxata
1159 993 1334 1076 principia.
1391 1061 1393 1066 ,

260 1105 344 1168 Hinc
359 1106 459 1170 etium
474 1106 594 1170 accidit
608 1107 768 1187 quasdam
786 1106 958 1170 distantias
974 1106 1141 1172 breviores
1156 1103 1228 1171 fleri
1245 1111 1277 1170 et
1288 1105 1337 1169 vi-

259 1217 343 1293 deri,
359 1223 529 1298 tamquam
546 1218 574 1281 si
591 1224 702 1282 essent
716 1217 758 1281 ad
773 1217 884 1282 locum
899 1217 1172 1300 propinquiorem
1186 1215 1336 1298 speculo.

303 1328 368 1392 Neo
390 1330 454 1392 erit
474 1329 591 1408 utique
608 1328 640 1391 in
656 1329 851 1392 huiusmodi
873 1329 1065 1410 speciebus,
1086 1345 1169 1409 quas
1189 1327 1337 1408 exposui·

247 1457 346 1516 onus,
370 1440 590 1504 reverberatio
605 1440 646 1503 ad
661 1438 817 1521 aequales
837 1439 987 1520 angulos.
1010 1440 1084 1502 Esto
1101 1439 1203 1506 sectio
1218 1437 1335 1502 circuli

260 1552 295 1614 in
318 1551 452 1631 speculo
475 1569 632 1629 concavo,
655 1557 687 1614 et
702 1551 745 1614 sit
758 1552 822 1631 obp
840 1549 900 1631 (fip.
914 1549 980 1627 61),
996 1556 1148 1614 centrum
1164 1548 1238 1614 eius
1253 1552 1289 1628 d,
1305 1556 1337 1614 et

260 1663 471 1744 protrabatur
492 1663 582 1727 linea
597 1664 672 1726 bde.
695 1661 847 1726 Dicimus·
860 1679 947 1743 ergo,
963 1663 1052 1742 quod
1068 1661 1162 1725 visus
1178 1668 1210 1725 et
1225 1679 1278 1724 res
1292 1660 1338 1727 vi·
1448 1717 1452 1726 .

259 1771 377 1846 denda,
396 1787 476 1834 cum
493 1771 614 1834 diversi
632 1770 766 1847 tuerint,
785 1779 817 1835 et
836 1770 963 1834 luerint
978 1788 1079 1851 super
1092 1769 1216 1834 lineam
1233 1771 1270 1833 be
1287 1786 1338 1834 ro·

259 1889 356 1960 cum,
372 1887 404 1944 et
419 1888 563 1961 punctus
577 1883 598 1945 d
615 1899 683 1944 non
698 1881 799 1944 fuerit
813 1882 901 1944 inter
916 1898 983 1956 eos,
1000 1897 1067 1946 non
1084 1879 1123 1942 fit
1137 1881 1178 1944 ad
1192 1880 1335 1944 invicem

259 1991 476 2056 reverberatio
498 1991 540 2054 ad
563 1990 719 2072 aequales
742 1990 897 2071 angulos,
920 1990 988 2054 siva
1011 1989 1055 2052 sit
1070 1989 1153 2054 alter
1169 2008 1285 2054 eorum
1300 1991 1335 2054 in

260 2109 380 2182 puncto
402 2103 438 2177 d,
460 2102 530 2166 sive
546 2119 624 2166 non.
640 2101 747 2164 Huius
764 2110 875 2167 autem
898 2101 1037 2166 scientia
1052 2099 1160 2166 facilis
1177 2106 1242 2178 est,
1258 2099 1337 2180 quia

260 2210 374 2274 nullus
397 2211 475 2275 inde
498 2211 687 2292 retringitur
709 2212 749 2276 ad
772 2210 928 2291 aequales
951 2209 1091 2290 angulos
1113 2211 1227 2274 radius
1244 2211 1337 2274 acir-

259 2321 489 2399 oumtorentia,
513 2337 596 2400 quae
620 2329 670 2384 est
691 2321 912 2395 interemto,
936 2327 993 2382 aut
1014 2319 1102 2383 inter
1116 2320 1132 2381 b
1147 2326 1178 2384 et
1192 2339 1220 2400 p.
1244 2319 1336 2382 Tunc

258 2407 350 2494 enim
366 2430 449 2494 radii
464 2449 533 2494 nou
549 2431 720 2494 continent
733 2437 885 2494 centrum
901 2432 930 2507 d,
946 2449 966 2494 a
979 2436 1105 2512 puncto
1120 2437 1232 2494 autem
1247 2430 1263 2492 b
1277 2447 1336 2510 po·

264 2541 366 2604 tentia
381 2547 510 2605 tantum
526 2541 563 2602 fit
577 2540 809 2618 reverberatio,
821 2541 879 2604 sed
895 2560 963 2604 non
981 2548 1065 2616 actu,
1074 2539 1230 2621 probibet
1244 2540 1336 2603 enim

259 2652 558 2740 reverberationem
580 2651 683 2716 altera
704 2669 817 2714 rerum
840 2651 1035 2733 positarum3
1059 2652 1088 2714 si
1103 2650 1193 2714 enim
1209 2650 1335 2731 opinati

259 2761 423 2824 fuerimus
445 2761 553 2823 visum
575 2741 647 2824 esse
670 2761 942 2842 propinquiorem
959 2761 1110 2844 speculo,
1125 2757 1264 2842 ipse'est
1277 2760 1336 2840 qui

227 2939 230 2946 ,
258 2871 412 2951 probibet
431 2869 596 2934 visibilem
622 2871 754 2934 radium
776 2871 955 2935 refractum
982 2891 1002 2934 a
1026 2879 1151 2952 puncto
1174 2873 1192 2933 b
1217 2889 1334 2953 perve-

213 2971 218 2982 ’
259 2982 372 3046 ciendi
396 2983 437 3044 ad
458 2999 530 3046 rem
551 2981 745 3056 videndam,
768 2999 806 3044 eo
830 2983 920 3060 quod
943 2989 994 3045 est
1016 2982 1051 3044 in
1074 2981 1147 3046 loco
1178 2983 1336 3046 transitus

259 3093 343 3155 radii
367 3099 398 3155 et
419 3092 571 3174 probibet
594 3110 686 3170 eum;
710 3099 742 3156 et
763 3092 791 3156 si
815 3091 1113 3156 existimaverimus
1135 3109 1207 3156 rem
1223 3092 1339 3156 viden-

258 3205 335 3268 dam
358 3221 428 3268 esse
451 3204 724 3286 propinquiorem
742 3195 894 3284 speculo,
917 3204 988 3284 ipsa
1003 3203 1335 3284 probibetvisibilem
1361 3207 1365 3218 ‘

260 3314 390 3378 radium
413 3332 550 3396 prorsus
573 3315 746 3395 parvenire
770 3315 812 3378 ad
832 3302 992 3396 puuctum
1008 3315 1041 3389 b,
1061 3331 1100 3378 eo
1117 3315 1207 3394 quod
1222 3332 1275 3377 res
1289 3314 1337 3376 vi·

259 3424 368 3488 danda
391 3426 497 3505 posita
519 3425 677 3490 est'inter
698 3425 807 3490 visum
830 3433 862 3488 et
885 3426 900 3486 b
924 3430 957 3488 et
978 3423 1057 3506 tegit
1079 3441 1168 3489 eum.

300 3537 428 3599 Rursus
452 3541 520 3602 esto
543 3535 688 3606 circulus
711 3537 779 3616 obp
803 3536 870 3616 (fip.
893 3533 973 3612 62),
1000 3535 1095 3598 cuius
1119 3539 1272 3600 centrum
1293 3534 1337 3599 sit

258 3649 290 3723 d,
321 3652 354 3710 et
380 3645 585 3726 producatur
612 3644 702 3710 linea
724 3665 784 3725 cp,
814 3652 847 3710 et
869 3645 1078 3726 protralntur
1100 3645 1141 3708 ad
1164 3661 1239 3710 eam
1261 3663 1335 3726 per·

258 3755 481 3838 pandiculeris
502 3757 584 3834 deb,
607 3763 639 3822 et
660 3756 704 3819 sit
724 3755 990 3820 circumferentia
1003 3757 1071 3836 obp
1094 3757 1195 3820 sectio
1214 3756 1255 3819 dc
1271 3755 1332 3818 oir-

257 3868 334 3931 oulo
357 3868 534 3932 constituto
558 3868 592 3930 in
615 3885 758 3932 concavo
781 3865 915 3950 speculo
935 3874 967 3932 et
986 3867 1025 3932 de
1041 3867 1173 3931 duobus
1188 3865 1333 3948 punctis,

259 3979 317 4058 qui
339 3978 375 4042 in
396 3977 670 4059 praecedentibus
692 3976 807 4060 figuris
830 3978 1010 4059 praetaxati
1031 3984 1130 4056 sunt,
1158 3976 1242 4040 alter
1263 3976 1337 4056 qui-

259 4091 336 4154 dem
356 4096 500 4169 ponatur
519 4088 556 4152 'in
580 4095 703 4170 puncto
720 4109 755 4166 a,
779 4096 811 4152 et
833 4088 915 4154 alter
937 4089 972 4154 in
994 4095 1117 4169 puncto
1140 4107 1165 4152 e.
1187 4086 1337 4152 Dicimus
