3512 5456
1255 555 1315 628 idi

246 687 322 733 rum
346 668 526 749 positiones
547 670 807 750 praetaxavimus
829 670 864 730 in
885 671 983 732 rebus
1001 683 1086 750 quae
1099 670 1254 734 ridentur
1267 681 1318 736 se·-

243 779 388 842 cundum
411 777 794 842 directionem'visibiiis
811 777 904 840 radii.

288 890 494 970 Experiantia
517 896 626 951 autem
649 889 720 951 eius
741 889 831 968 quod
853 888 911 950 tati
931 889 1141 969 dispositioni
1165 897 1317 972 apparet,

244 999 373 1060 facilius
402 1000 623 1078 cognoscitur,
646 1015 721 1060 oum
743 998 833 1062 visus
862 999 1022 1062 fueritin
1050 996 1212 1064 subtiliori
1241 1015 1316 1066 cor·

245 1125 337 1188 pore.
360 1107 420 1171 illa
442 1109 543 1184 enim,
567 1125 650 1187 quae
665 1107 705 1170 de
720 1107 784 1181 his,
800 1123 884 1188 quae
898 1108 935 1170 in
951 1108 1043 1171 coelo
1061 1115 1150 1188 sunt,
1163 1109 1319 1175 ridentur

245 1235 284 1280 ex
305 1233 425 1296 magna
444 1219 560 1298 utique
581 1219 752 1292 distantia,
775 1235 852 1280 cum
873 1219 997 1280 fuerint
1015 1219 1133 1282 metita
1156 1232 1236 1298 cnm
1257 1235 1316 1283 an·

246 1327 322 1407 gulo
346 1322 450 1407 quem'
468 1328 614 1392 continet
633 1327 920 1408 perpendicularis
936 1334 970 1390 et
990 1328 1236 1403 redinetterus,
1257 1328 1317 1392 ira·

245 1438 346 1512 bant,
370 1455 434 1517 quo
457 1437 508 1511 tit,
531 1437 626 1500 iterio
646 1436 745 1500 vaide
763 1455 869 1517 perra.
894 1437 961 1512 Qua
983 1438 1161 1513 decanea,
1183 1439 1320 1518 etquis

245 1546 414 1609 diversitas
440 1565 526 1626 quae
553 1554 604 1609 est
624 1546 709 1609 inter
732 1547 909 1610 essentiam
931 1546 1016 1610 saris
1038 1547 1073 1608 in
1093 1549 1163 1627 qno
1185 1563 1316 1624 sumus,
1366 1552 1368 1561 '

243 1663 276 1718 et
296 1657 465 1720 aetherem
487 1657 522 1718 in
545 1673 610 1736 quo
633 1663 711 1718 sunt
733 1655 850 1732 sidera,
872 1673 940 1720 non
965 1665 1015 1720 est
1036 1671 1174 1737 magna,
1200 1657 1318 1727 diffici-

137 1805 141 1814 ·
244 1765 318 1828 liter
347 1766 635 1847 comprehenditur
667 1767 701 1828 id
734 1767 823 1846 qrrcd
850 1782 888 1829 er
919 1767 1103 1829 diversitate
1138 1757 1256 1830 cecidit
1283 1767 1319 1830 in

244 1875 360 1938 formis
382 1877 461 1938 suis.

163 2003 166 2010 ·
287 1984 444 2048 Similiter
473 1987 574 2049 ctiam
604 1994 653 2048 cst
679 1986 812 2048 traditus
834 1987 870 2048 in
893 1986 1083 2050 difficultate
1106 1986 1321 2067 conspreiten·

244 2096 347 2158 sicnis
369 2096 434 2169 rai,
452 2112 529 2158 cum
549 2097 672 2176 aperiet
690 2095 810 2175 aliquis
825 2096 960 2159 conium
975 2113 1075 2158 ‘suum
1095 2095 1181 2158 inira
1199 2110 1320 2176 aquam

245 2212 279 2268 et
307 2206 478 2284 aspexerit.
510 2205 543 2267 st
573 2223 651 2268 vcro
683 2205 883 2270 voluerimus
917 2201 1208 2285 atiquod‘corpns
1232 2203 1321 2285 quod

157 2395 159 2400 ,
244 2314 333 2376 visus
364 2321 530 2394 penetrat,
558 2331 681 2394 ponere
715 2315 906 2394 contiguum
927 2315 1032 2389 risui,
1055 2314 1102 2376 ita
1122 2315 1213 2393 *quod
1235 2311 1321 2377 inter

246 2437 302 2485 eos
330 2422 415 2485 nihil
440 2425 483 2485 sit
504 2425 656 2498 decere,
679 2441 754 2486 cunr
777 2423 982 2504 impossibiie
1006 2424 1048 2484 sit
1066 2431 1106 2486 ut
1128 2425 1231 2504 possit
1253 2423 1317 2486 hoc

244 2534 331 2606 fleri,
355 2548 420 2594 non
443 2534 607 2596 videbitur
629 2533 740 2613 aliqua
761 2548 881 2596 rerum.
904 2533 998 2596 Visus
1017 2533 1110 2594 eninr
1135 2539 1212 2595 tuno
1230 2540 1320 2596 sute-

245 2659 346 2721 quanr
367 2644 540 2722 procedat,
564 2650 595 2705 ct
618 2643 714 2704 iaciat
734 2644 910 2706 transitum
925 2643 964 2704 'ei
986 2644 1176 2721 proprium,
1199 2641 1318 2705 dedili-

245 2759 330 2812 tatur
352 2761 482 2833 propter
496 2753 742 2832 oppressionem
757 2752 846 2814 iliius
862 2752 1017 2831 corporis,
1034 2748 1226 2831 praesertim
1241 2767 1317 2814 cum

244 2862 402 2924 transitus
423 2862 495 2924 eius
518 2879 585 2922 non
609 2861 651 2922 sit
671 2861 789 2924 brevis.

288 2973 324 3032 dt
345 2972 424 3049 quia
449 2968 653 3050 impossibile
677 2977 726 3032 est
747 2971 874 3034 ostendi
900 2971 1101 3032 diversitates
1125 2971 1319 3044 formarum,

245 3081 329 3143 siout
351 3087 482 3160 possent
504 3081 631 3142 ostendi
656 3081 860 3142 diversitates
878 3097 989 3142 rerum
1004 3095 1090 3158 quae
1106 3087 1192 3142 recte
1208 3077 1321 3142 viden·

245 3199 308 3264 tur,
332 3190 469 3268 dignum
492 3190 646 3251 duximus
667 3189 760 3269 loqui
781 3190 822 3251 de
844 3188 897 3250 hie
916 3205 1004 3268 quae
1019 3188 1226 3250 manifestius
1243 3187 1325 3250 inde

246 3307 421 3379 apparent,
448 3299 554 3379 posito
583 3299 654 3361 visu
676 3299 711 3359 in
735 3299 926 3378 romericus
947 3297 1197 3371 subtilioribus,
1218 3297 1327 3359 etsie

244 3410 452 3488 dignoscatur
477 3409 556 3486 quid
579 3415 712 3488 oportet
734 3407 804 3470 deri
827 3407 862 3468 iu
885 3407 984 3470 rebus
1004 3413 1184 3485 quaesunt
1200 3421 1315 3469 scon-

244 3532 353 3594 vereo;
371 3519 450 3580 hino
465 3503 566 3592 eninr,
579 3535 655 3580 cnm
671 3517 723 3578 his
740 3530 824 3596 quae
837 3516 914 3578 inde
925 3515 1239 3589 demonstrabimus,
1252 3531 1320 3578 rna·

244 3627 399 3692 niiestum
426 3627 487 3690 erit
513 3626 669 3700 aitemm,
695 3627 853 3705 queniam
878 3643 956 3688 cum
984 3623 1323 3690 demonstraverimus

209 3711 216 3732 ⁹
244 3738 277 3799 in
301 3755 372 3800 uno
397 3737 560 3817 praesenti
587 3737 687 3799 modo
710 3751 750 3798 ea
772 3752 856 3816 quae
877 3735 1002 3798 dedant
1023 3736 1058 3796 irr
1079 3748 1121 3796 eo
1146 3725 1268 3808 accidi,
1292 3734 1327 3798 in

244 3848 346 3912 attero
367 3845 482 3926 aciqne
506 3845 630 3912 accidet
652 3846 738 3907 deut
757 3851 792 3907 et
814 3847 848 3908 iu
871 3845 946 3907 troc.

286 3959 324 4019 tit
342 3964 380 4020 nt
400 3953 596 4018 universalis
619 3953 839 4018 consideratio
863 3952 940 4015 inde
962 3954 1037 4026 flat,
1056 3951 1149 4016 decet
1163 3962 1224 4013 nos
1239 3963 1325 4014 con·

244 4067 379 4132 morem
396 4066 462 4128 tria
479 4078 554 4128 vasa
570 4065 611 4128 ds
627 4065 712 4128 vitro
727 4062 958 4136 subtilissime,
972 4069 1010 4126 ut
1023 4061 1089 4124 sint
1103 4058 1330 4143 commestus
