3550 5452
451 722 516 800 iste
528 739 627 806 super
638 715 1182 797 eentmmceir'eumnsenttaut,
1194 739 1309 787 secans
1321 721 1533 794 latitudinem

450 831 1245 916 aspicientis‚etprctrehanturduaelineaeazd,
1257 834 1446 912 ptumum
1459 855 1535 917 ergo

451 941 740 1027 perpendiculares
768 961 867 1026 super
894 942 1077 1025 speculum.
1105 942 1225 1010 Omnes
1252 943 1353 1024 igitur
1374 945 1460 1010 radii
1482 965 1535 1011 ce-

452 1055 567 1120 dentes
590 1073 610 1118 a
629 1060 752 1136 puncta
774 1055 795 1117 d
815 1071 915 1136 super
943 1053 1245 1118 circumferentiam
1265 1057 1332 1135 adp
1352 1056 1535 1139 refringun-

453 1173 507 1230 tnr
535 1167 572 1229 in
598 1181 634 1230 se
660 1163 750 1246 ipses
779 1163 822 1228 ad
850 1170 1011 1246 punctum
1032 1165 1070 1240 d,
1100 1171 1134 1229 et
1155 1165 1482 1248 comprehenduntur
1503 1175 1537 1233 et

449 1278 639 1343 sanduntur
655 1291 714 1358 per
728 1273 812 1352 loca,
826 1291 925 1357 super
938 1293 1024 1358 quae
1042 1277 1165 1339 cedunt
1178 1293 1200 1342 a
1212 1277 1287 1340 visu
1298 1277 1387 1342 ‘radii
1403 1277 1532 1344 similes

451 1391 507 1466 dc,
522 1389 581 1465 dd,
595 1389 652 1469 dp,
675 1393 710 1452 et
725 1387 1052 1470 comprehenduntur
1067 1393 1101 1451 et
1115 1388 1304 1452 sentiuntur
1317 1403 1377 1471 per
1390 1386 1537 1472 punctus

451 1521 474 1580 ι,
483 1515 512 1577 ι,
523 1500 554 1565 t.
566 1499 689 1564 tutus
699 1515 832 1580 quoque
844 1497 1000 1562 stmruer
1010 1497 1047 1562 in
1059 1479 1533 1582 unsvemtsparesusspeouu,

450 1629 536 1695 quae
563 1609 754 1674 sentiuntur
778 1625 838 1690 per
865 1609 982 1672 basem
1001 1607 1144 1672 ¹risibilis
1165 1605 1357 1696 pyramidis.
1385 1609 1419 1674 Si
1443 1611 1534 1675 enfin

451 1711 756 1794 existimaverimus,
779 1719 870 1802 quod
891 1717 1083 1799 superficies
1095 1721 1180 1800 adp,
1196 1735 1275 1783 cum
1290 1719 1435 1785 velvitur
1448 1723 1536 1790 circa

452 1849 547 1899 axem
560 1831 807 1905 dd,'constituat
820 1823 1036 1911 pyramidem,
1052 1830 1114 1893 erit
1130 1830 1220 1912 qnod
1232 1829 1400 1894 videbitur
1413 1832 1450 1896 in
1465 1839 1537 1897 tota

451 1935 626 2026 superficie
646 1939 772 2023 speculi
791 1941 897 2004 forma
918 1939 1123 2022 aspicientis,
1138 1949 1293 2022 quae-est
1306 1959 1385 2018 una,
1399 1944 1537 2008 etvide·

451 2053 541 2119 bitur
568 2069 670 2135 penes
697 2050 915 2134 superficiem
939 2051 1034 2115 Redii
1056 2051 1147 2114 enim
1174 2051 1231 2133 qui
1254 2052 1536 2134 protrahuntura

451 2155 577 2247 puncto
598 2165 620 2226 d
641 2163 683 2226 ed
705 2161 915 2256 superficiem
937 2161 1076 2242 speculi,
1098 2167 1133 2226 et
1144 2162 1435 2245 perpendiculares
1450 2180 1535 2246 quaa

450 2275 530 2339 inde
552 2289 651 2355 super
665 2289 722 2336 cos
738 2291 758 2336 e
771 2271 906 2354 speculo
926 2273 1170 2354 refringuntur,
1193 2273 1392 2336 conveniunt
1405 2275 1441 2336 in
1457 2274 1537 2340 loco·

453 2384 610 2448 omnibus
632 2383 802 2445 communi
825 2388 859 2446 et
879 2382 1083 2464 superficiei,
1106 2381 1146 2446 de
1164 2399 1231 2464 qua
1246 2383 1286 2446 fit
1301 2383 1534 2460 reverberatio,

453 2500 486 2560 et
511 2492 595 2558 haec
628 2492 818 2575 superficies
847 2489 897 2557 es't
924 2491 986 2556 illa
1013 2509 1097 2574 quee
1119 2491 1371 2558 terminatione
1392 2493 1533 2558 formae.

454 2599 683 2669 Universaliter
704 2607 816 2667 antem
837 2604 875 2666 fit
890 2602 1113 2667 reverberatio
1127 2603 1164 2668 in
1183 2603 1379 2672 huiusmodi
1390 2603 1534 2685 speculis

454 2733 475 2778 a
495 2713 619 2778 circnln
641 2709 827 2778 secundum
847 2713 934 2776 henc
955 2712 1164 2795 positionem.

497 2822 1535 2904 Describatnrcirculusabpdtfip.37),cuiusdiametersltded,
1615 2869 1624 2888 .

454 2943 488 3002 et
501 2935 671 3016 signentur
681 2929 782 3016 super
794 2935 858 2998 bed
876 2935 942 2998 dno
955 2934 1070 3016 puncti
1083 2953 1122 2998 ex
1133 2933 1292 2998 lateribus
1306 2935 1462 3016 punctio,
1474 2916 1542 3018 qni

454 3051 503 3111 est
515 3047 677 3121 annuum,
692 3049 725 3108 et
736 3045 804 3108 sint
817 3045 901 3122 s,·lt,
919 3045 1027 3126 sitque
1041 3037 1184 3108 sesicut
1199 3045 1257 3120 et,
1273 3043 1305 3108 et
1320 3050 1465 3111 nmseat
1475 3063 1535 3128 per

453 3163 615 3240 punctum
625 3171 642 3220 c
654 3153 815 3220 diameter
830 3162 957 3232 erectus
970 3171 1069 3236 super
1081 3153 1280 3218 diametrum
1292 3152 1359 3220 ded
1373 3154 1415 3218 ad
1426 3157 1536 3220 rectus

454 3265 603 3347 angellus,
613 3271 645 3328 et
655 3266 822 3345 sitaepet
830 3264 1026 3346 copulentur
1036 3263 1147 3328 lineae
1157 3266 1273 3341 scula
1285 3263 1446 3340 Quoniam
1457 3283 1535 3346 erge

452 3393 492 3439 so
506 3381 556 3440 est
569 3376 656 3439 sicut
666 3377 732 3452 clu·
741 3381 773 3439 et
787 3375 878 3438 linea
890 3393 931 3438 ue
944 3381 993 3438 est
1006 3375 1206 3452 communis,
1217 3381 1251 3439 et
1261 3373 1373 3456 anguli
1383 3375 1444 3457 qui
1454 3383 1534 3440 sunt

453 3501 557 3569 penes
570 3501 587 3550 c
600 3483 693 3560 recti,
710 3485 772 3548 erit
782 3483 923 3564 angulus
935 3503 999 3550 zar
1012 3485 1099 3548 sicut
1110 3485 1252 3566 angulus
1262 3487 1536 3568 accusantem

453 3594 564 3660 lineae
579 3595 642 3670 alt,
660 3611 702 3658 αι
718 3595 850 3659 retracti
864 3595 907 3658 ad
920 3593 1077 3676 aequales
1094 3595 1241 3676 angrrles.
1260 3593 1419 3659 Similiter
1432 3596 1534 3660 etiem

454 3705 647 3786 retringitur
662 3723 683 3770 a
699 3711 822 3788 puncto
840 3724 875 3785 9,
898 3714 931 3769 et
943 3703 972 3767 si
988 3704 1114 3787 opinati
1130 3705 1292 3770 fuerimus
1305 3707 1397 3787 acted
1416 3706 1534 3771 sectio-

456 3833 535 3880 nem
557 3814 791 3892 esseueireuli,
817 3815 875 3898 qni
897 3821 947 3878 est
971 3816 1007 3878 ln
1039 3831 1182 3880 concavo
1208 3815 1363 3897 speculo,
1390 3822 1425 3880 et
1444 3816 1534 3897 qued

454 3925 647 4008 superficies
666 3925 734 3990 aad
752 3925 894 3990 volvitur
909 3925 995 3990 circa
1010 3925 1210 3994 diametrum
1224 3927 1284 4003 dd,
1298 3933 1459 4008 punctum
1472 3927 1537 3990 uti·

454 4053 519 4119 que
540 4055 580 4112 a,
613 4036 770 4102 describit
790 4037 826 4098 in
847 4036 993 4119 speculo
1024 4036 1207 4112 circulum,
1237 4043 1272 4100 et
1309 4037 1537 4118 refringuntnr

456 4163 573 4211 omnes
597 4147 693 4222 radii,
722 4146 780 4230 qui
806 4149 990 4230 procedunt
1011 4165 1110 4230 super
1132 4147 1222 4218 hunc
1244 4144 1408 4218 circulrmr
1428 4145 1533 4210 simili

456 4257 654 4325 retractione
676 4276 743 4344 qua
764 4259 991 4342 refringtmtur
1012 4260 1083 4324 sud.
