3550 5452
1274 615 1336 680 ior

261 735 330 792 erat
356 727 443 792 sicut
471 725 612 808 angulus
640 727 735 802 dciv,
765 724 964 808 stanguius
985 729 1053 792 aod
1082 726 1190 792 maior
1217 725 1337 807 angulo

258 839 342 913 dois,
360 845 392 902 et
406 837 671 901 circumferentia
688 839 733 901 ad
753 838 861 900 maior
874 855 976 919 quam
994 839 1262 902 circumferentia
1275 838 1338 914 ιιιις

260 939 409 1030 reliquus
437 965 514 1012 vero
548 947 690 1029 angulus
711 950 785 1012 coit
806 949 913 1012 maior
946 948 1066 1029 angulo
1099 947 1230 1030 reliquo
1254 965 1337 1023 coz,

259 1057 322 1124 erit
343 1058 434 1122 linea
453 1058 506 1121 ait
525 1059 634 1122 maior
655 1075 755 1141 quam
776 1077 837 1135 ιιις
860 1059 922 1123 erit
947 1077 1024 1140 ergo
1052 1057 1140 1122 linea
1159 1059 1210 1142 pit
1231 1059 1337 1122 maior

259 1183 359 1249 quem
374 1166 465 1231 linea
483 1186 543 1250 pa,
566 1169 655 1249 quod
670 1169 716 1232 ita
733 1176 795 1244 est,
815 1173 848 1233 et
862 1168 1006 1248 augelus
1021 1169 1099 1232 aab
1114 1168 1222 1233 maior
1236 1183 1337 1249 quam

261 1276 402 1358 angulus
424 1280 508 1361 obp.
521 1279 692 1342 'Remanet
714 1294 790 1360 ergo
813 1277 953 1360 angulus
967 1280 1043 1361 cpit
1064 1279 1214 1354 obtusus,
1228 1277 1337 1341 maior

260 1389 381 1469 angulo
401 1405 476 1468 apr
498 1394 612 1463 acuto,
634 1390 725 1470 quod
746 1390 796 1453 sic
814 1390 910 1453 debet
932 1407 1013 1454 esse.

301 1497 428 1563 itureos
450 1506 520 1563 esto
542 1499 688 1564 circulus
703 1502 764 1580 obp
781 1501 845 1581 (rip.
863 1502 916 1575 stt
931 1501 1128 1566 constitutus
1143 1517 1244 1582 super
1257 1517 1335 1564 ceu·

261 1616 350 1674 uum
372 1612 406 1686 d,
428 1617 462 1674 et
483 1611 694 1691 protrabatur
715 1611 804 1676 linea
819 1613 877 1685 bd,
898 1611 1007 1692 sitque
1020 1612 1062 1674 ad
1076 1617 1183 1676 rectos
1198 1610 1335 1692 angulos

260 1737 362 1801 super
379 1719 505 1784 bream
526 1737 603 1800 erp,
618 1729 651 1785 et
662 1725 805 1801 ponatur
819 1723 920 1785 sectio
936 1720 1054 1786 circuli
1067 1723 1129 1801 obp
1142 1722 1177 1784 in
1195 1701 1336 1786 concavo

260 1828 407 1912 specula
420 1829 503 1895 aiter
512 1849 590 1896 vero
603 1839 802 1914 punctorum
817 1832 860 1896 sit
872 1834 908 1895 ιιι
920 1833 993 1898 loco
1003 1852 1029 1910 a,
1041 1839 1074 1896 et
1086 1833 1170 1896 alter
1179 1834 1215 1896 iu
1226 1831 1299 1897 ioco
1310 1851 1334 1897 a.

190 1929 196 1944 '
253 1927 405 2004 ¹[ficimus
417 1959 495 2023 ergo
507 1943 596 2024 quod
609 1944 742 2006 nonnisi
753 1961 820 2007 una
832 1945 1051 2009 reverberatio
1063 1952 1192 2006 tantum
1202 1943 1239 2006 dt
1248 1943 1336 2006 inter

258 2059 400 2132 punctos
421 2071 449 2127 e,
471 2072 490 2117 r
513 2053 552 2117 de
575 2053 843 2119 circumferentia
864 2056 930 2133 obp
954 2055 994 2119 ad
1015 2051 1170 2135 aequales
1185 2053 1334 2134 angirios.

258 2160 430 2226 Dividetur
443 2164 545 2243 igitur
557 2183 596 2227 ze
609 2183 668 2246 per
676 2166 764 2230 ,duas
780 2165 969 2229 medietates
983 2166 1018 2228 in
1032 2170 1153 2246 puncto
1166 2165 1197 2238 t,
1214 2171 1247 2228 et
1260 2181 1335 2244 pro·-

260 2270 424 2337 ducantur
445 2273 552 2338 lineae
575 2276 658 2351 att,
679 2278 749 2339 dat.
772 2275 867 2339 Radii
889 2292 982 2356 ergo,
1005 2275 1062 2357 qui
1085 2273 1270 2356 procedunt
1292 2273 1334 2338 ad

259 2382 543 2448 circumferentiae
564 2395 601 2450 at
623 2392 655 2450 et
676 2387 732 2467 dp,
754 2402 822 2448 non
845 2386 1016 2450 continent
1036 2391 1187 2448 centrum
1201 2387 1237 2460 d,
1256 2385 1334 2450 etsi

259 2493 469 2571 posuerimus
484 2495 782 2560 reverberationem
795 2515 814 2560 a
826 2502 949 2577 puncto
960 2496 990 2570 Ιι,
1004 2497 1116 2576 anguli
1132 2503 1230 2560 erunt
1244 2496 1334 2558 inae·

259 2603 384 2683 quales.
407 2604 501 2679 Quod
522 2607 551 2669 si
576 2607 621 2670 ita
643 2615 791 2682 nonest,
808 2607 850 2670 sit
862 2607 1080 2670 reverberatio
1094 2607 1196 2670 veluti
1211 2607 1266 2681 st,
1280 2605 1335 2682 te;

262 2719 342 2799 quia
355 2733 432 2797 crgo
453 2718 498 2780 rit
518 2724 568 2782 eet
582 2718 667 2782 sicut
688 2720 742 2794 cit,
766 2726 799 2782 et
812 2717 901 2782 linea
921 2717 961 2782 ric
983 2719 1070 2782 sicut
1090 2717 1145 2793 aa,
1167 2719 1334 2799 proportio

260 2829 351 2894 euim
379 2827 516 2892 alteriue
544 2829 586 2892 ad
608 2827 746 2892 alteram
775 2829 863 2893 sicut
883 2831 1050 2911 proportio
1078 2830 1241 2893 consortis
1263 2826 1334 2894 eius

261 2939 301 3004 da
319 2938 448 3003 duabus
463 2937 561 3002 fineis
581 2940 637 3016 ab,
659 2941 699 3004 eft
713 2941 754 3004 ad
776 2938 924 3014 aiteram,
948 2957 986 3002 oo
1005 2939 1095 3020 quod
1113 2938 1255 3019 angulus
1269 2938 1336 3004 ate

260 3049 383 3113 divisus
418 3059 467 3116 est
491 3052 527 3113 ιιι
557 3051 639 3114 duas
666 3049 859 3114 medietates
887 3049 1170 3131 perducamini,
1194 3055 1226 3111 et
1247 3048 1336 3111 linea

258 3159 305 3222 ιιι
319 3167 370 3224 est
386 3157 740 3240 communis,angu1ue
756 3159 825 3221 faita
846 3160 907 3222 erit
924 3159 1009 3221 sicut
1024 3157 1165 3238 angulus
1180 3158 1245 3222 tite
1261 3173 1336 3220 acu·

259 3277 321 3333 tus
336 3270 422 3332 sicut
443 3270 602 3345 obtusus,
624 3270 715 3350 quod
743 3277 793 3334 est
822 3269 1049 3351 impossibile,
1083 3277 1116 3333 et
1143 3269 1205 3332 erit
1232 3269 1336 3348 magis

259 3380 480 3461 impossibile,
502 3381 531 3442 ai
545 3381 756 3462 posuerimus
777 3379 1077 3444 reverberationem
1091 3381 1180 3444 inter
1196 3379 1335 3461 punctos

260 3493 292 3566 b,
307 3489 343 3566 fa·
364 3490 507 3571 angulus
529 3491 619 3554 enim
642 3499 759 3554 acutus
777 3491 840 3554 erit
854 3499 934 3555 tunc
949 3491 1057 3554 maior
1071 3509 1171 3572 quam
1187 3491 1333 3554 obtusus.

263 3599 388 3665 sivero
402 3601 614 3682 posuerimus
630 3601 930 3666 reverberationem
945 3602 1186 3682 interpunctas
1202 3612 1229 3677 t,
1244 3600 1277 3677 ic,
1301 3599 1340 3662 fit

258 3727 277 3774 e
298 3727 467 3789 converso;
489 3711 630 3793 angulus
651 3712 744 3777 enim
762 3713 902 3776 obtusus
924 3714 987 3777 erit
1007 3713 1114 3776 maior
1135 3719 1249 3789 acuto,
1272 3719 1334 3776 nec

261 3819 356 3885 aliter
378 3821 504 3885 accidit

301 3927 461 3994 Similiter
482 3931 581 3995 etiam
605 3931 887 3997 demonstrabitur
903 3933 1109 4016 impossibile
1129 3950 1202 3997 esse
1222 3949 1241 3998 a
1258 3931 1337 3996 duo·

258 4039 322 4105 bue
336 4041 469 4122 punctis
482 4029 688 4108 simul'inter
700 4051 840 4127 punctos
853 4045 882 4125 ir,
896 4055 906 4108 t
919 4045 980 4125 tfip.
994 4045 1042 4121 ιιι
1059 4045 1142 4110 duas
1153 4045 1337 4108 reverbera·

260 4149 367 4217 ιιοιιοι
382 4152 454 4218 fieri
476 4171 535 4236 per
552 4154 708 4238 aequales
726 4153 866 4236 angulos
881 4156 925 4224 ad
939 4163 1079 4240 punctos
1094 4175 1150 4234 aa·
1165 4156 1211 4221 ita
1224 4155 1337 4222 videti·
