3550 5452
1318 586 1355 650 tt

281 713 355 759 vere
378 695 472 759 tieret
492 712 531 760 ex
553 695 740 759 commixtis
767 695 952 774 coloribus3
975 703 1007 762 et
1028 702 1162 780 propter
1183 696 1249 762 boc
1270 697 1358 766 idem

280 805 404 887 puncti,
420 805 479 886 qui
496 809 574 868 sunt
588 822 688 896 super
702 811 842 880 trucum,
857 805 938 872 dum
951 823 1020 870 non
1035 813 1114 870 sunt
1128 823 1229 888 super
1242 808 1355 887 ipsum

281 935 388 992 axem,
410 917 440 979 si
462 915 582 997 signati
605 915 729 979 luerint
750 915 860 979 colore
883 916 1012 980 diverso
1035 935 1054 980 a
1072 916 1183 983 colore
1201 917 1298 990 troci,
1314 918 1359 980 vi·

281 1027 447 1090 dabuntur
476 1025 512 1088 in
539 1024 709 1090 volutione
737 1025 925 1089 vehementi
959 1027 1055 1106 quasi
1085 1026 1202 1092 circuli
1236 1025 1356 1094 similis

279 1131 407 1199 coloris.
431 1135 465 1199 Si
486 1134 595 1200 lineae
619 1143 731 1198 autem
752 1136 876 1199 tuerint
898 1155 999 1218 super
1013 1144 1141 1202 trucum
1157 1135 1354 1204 constitutae

281 1253 313 1309 et
333 1265 392 1327 per
414 1263 507 1310 axem
529 1246 759 1320 transductae,
783 1247 954 1326 apparebit
974 1247 1008 1309 in
1032 1247 1200 1312 volutione
1219 1251 1356 1313 totusu-

281 1355 431 1437 perfloies
452 1355 534 1419 troci
556 1354 700 1420 similem
723 1355 848 1420 habere
870 1355 1025 1420 colorem.
1049 1357 1145 1422 ilolur
1166 1357 1355 1424 enimcum

279 1467 313 1528 in
337 1465 462 1554 eisdem
486 1465 702 1530 sensibilibus
723 1467 926 1547 temporibus
954 1465 1094 1531 volvitur
1118 1467 1207 1533 circa
1232 1468 1356 1532 distan-

280 1577 359 1640 tiam
380 1573 467 1639 visui
489 1575 699 1651 sensibilem,
720 1581 854 1656 putatur
875 1583 1010 1658 tangere
1032 1593 1149 1642 omnes
1171 1577 1274 1651 locos,
1295 1595 1355 1658 per

279 1703 362 1766 quos
380 1687 485 1765 vadit3
507 1685 698 1767 passionem
715 1687 816 1762 enim,
836 1703 921 1766 quaa
939 1687 977 1749 flt
995 1688 1031 1750 in
1049 1688 1158 1768 prima
1172 1687 1354 1762 volutione,

279 1802 529 1878 consequuntur
550 1813 681 1878 semper
702 1785 930 1878 repetitiones,
952 1814 1038 1877 quae
1061 1799 1244 1864 secundum
1261 1813 1353 1863 eam-

279 1907 353 1970 dem
376 1905 631 1970 similitudinem
652 1907 737 1970 liunt
757 1913 887 1987 posteu3
912 1907 1032 1972 etheo
1054 1909 1154 1972 etiam
1176 1903 1295 1990 apcidit
1316 1909 1352 1972 in

278 2016 380 2080 stellis
413 2017 694 2092 discurrentibus,
729 2033 870 2097 quarum
903 2017 1018 2082 lumen
1050 2016 1179 2081 videtur
1211 2017 1351 2097 longum

278 2133 406 2208 propter
427 2125 631 2190 celeritatem
652 2143 770 2190 cursus
793 2143 909 2192 aarum
931 2126 1116 2202 secundum
1135 2128 1374 2223 querentem,

240 2283 259 2311 ,
278 2237 500 2318 protensionis
523 2235 692 2304 sensibilis
714 2237 891 2302 distantiae
913 2253 992 2302 cum
1013 2237 1167 2304 sensibili
1187 2236 1353 2319 passione,

278 2363 363 2426 qnae
386 2345 505 2410 accidit
525 2347 562 2409 in
583 2346 667 2409 visu.

319 2457 379 2521 llla
396 2457 497 2521 etlam
513 2473 598 2536 quae
614 2454 769 2520 accidunt
784 2456 818 2520 iu
835 2457 1062 2539 magnitudine
1078 2463 1112 2521 et
1125 2456 1251 2538 figuris,
1267 2457 1352 2523 fiunt

279 2573 413 2648 propter
433 2565 517 2630 baec
539 2583 625 2648 quae
648 2567 735 2630 dicta
755 2574 844 2643 sunt,
867 2582 945 2630 cum
964 2566 1079 2632 eadem
1097 2584 1150 2631 nes
1165 2568 1354 2649 apparuerit

278 2679 398 2752 minor,
412 2686 444 2742 et
453 2655 623 2740 videbitur'
631 2676 754 2740 babere
770 2677 932 2742 maiorem
947 2677 1186 2742 rotunditatem
1199 2694 1237 2742 ex
1247 2675 1353 2742 multe

277 2787 455 2866 distantia,
488 2786 650 2868 quoniam
677 2787 922 2852 circumdantes
951 2787 1065 2869 anguli
1091 2787 1294 2854 minuuntur
1320 2793 1355 2852 et

275 2895 363 2961 flunt
384 2896 485 2979 parvi.
508 2898 634 2960 Rursus
655 2913 708 2960 ree
732 2913 817 2978 quae
839 2897 957 2960 similis
980 2903 1030 2962 est
1050 2897 1154 2972 disca
1170 2915 1248 2965 oum
1262 2894 1350 2964 velu-

275 3009 356 3072 citer
370 3013 521 3072 movetur
533 3009 620 3072 ciros
634 3007 779 3088 aliquem
796 3007 1036 3071 diametrorum
1051 3025 1202 3087 sucrum,
1216 3013 1351 3086 apparet

275 3117 325 3180 illl
348 3120 404 3198 qui
428 3135 502 3182 eam
525 3115 642 3198 aspicit
662 3116 859 3193 lateraliter,
882 3123 915 3181 et
937 3135 1005 3182 nen
1029 3135 1048 3180 a
1069 3123 1160 3198 parte
1182 3116 1348 3191 diametri,

274 3227 362 3289 circa
388 3243 488 3306 quem
515 3226 679 3301 volvitur,
710 3227 830 3290 babere
856 3227 998 3306 liguram
1024 3227 1096 3302 ori,
1123 3224 1283 3306 quoniam
1309 3225 1346 3286 in

275 3337 367 3400 omni
388 3335 560 3428 volutione
583 3353 645 3400 sua
666 3335 860 3418 superficies
883 3338 956 3400 eius
978 3336 1179 3416 quandoque
1201 3336 1238 3400 fit
1260 3341 1350 3400 recta

275 3463 375 3526 snper
402 3444 566 3509 visibilem
595 3445 726 3510 radium
754 3446 928 3510 cadentem
954 3463 1053 3526 super
1078 3450 1229 3511 centrum
1256 3443 1350 3520 eius,

274 3541 306 3618 et
331 3555 458 3620 videtur
484 3553 650 3630 circulus,
681 3561 715 3619 et
741 3556 940 3636 quaudoque
970 3556 1033 3620 erit
1060 3555 1252 3636 superficies
1274 3555 1346 3635 ipss

273 3683 372 3746 super
391 3665 531 3740 lineam,
554 3682 639 3745 quae
654 3681 731 3728 cum
745 3665 904 3752 producta
918 3665 1028 3740 luerit,
1044 3665 1163 3732 transit
1177 3681 1237 3745 per
1250 3669 1349 3744 caput

271 3773 409 3838 visibilis
431 3771 629 3856 pyramidis,
653 3782 686 3838 et
707 3781 843 3856 apparet
856 3775 934 3838 inde
948 3781 1037 3840 recta
1051 3772 1152 3842 linea.
1169 3775 1218 3842 llit
1232 3779 1346 3844 auten

271 3899 331 3963 per
350 3883 463 3965 plures
477 3885 565 3948 vices
582 3881 729 3964 obliqua,
750 3891 783 3948 et
802 3889 937 3965 apparet
958 3883 1037 3950 inde
1060 3901 1130 3950 essu
1152 3884 1194 3950 de
1216 3883 1346 3952 cirene

272 3991 488 4074 longitudine.
511 3991 595 4057 (lum
616 4008 694 4074 ergo
714 3993 894 4058 continuus
915 4002 1026 4060 mutus
1043 3993 1080 4056 in
1094 3991 1347 4062 tormentan-

267 4103 405 4168 stendae
428 4101 527 4185 lenge
548 4101 624 4169 aliis
646 4103 882 4204 praevaluerit.
905 4103 943 4170 iit
959 4104 1107 4186 undiquc
1123 4101 1229 4184 figura
1242 4102 1345 4174 tonus
