3512 5456
1242 549 1298 614 tte

275 659 485 724 invenientur
507 666 616 737 autem
638 660 812 723 fractiones
834 659 995 734 minores,
1018 675 1093 722 cum
1110 659 1230 724 vitrum
1245 678 1300 742 po·

233 768 332 860 eitum
353 769 453 833 fue'rit
473 771 508 832 in
531 769 602 834 loco
626 770 883 850 contignationis
906 771 977 833 eius
999 787 1075 833 cum
1098 788 1198 851 aqua,
1222 787 1300 851 quo·

233 880 324 942 niam
347 879 532 944 differentia
553 881 802 955 refractionem,
826 898 909 960 quae
932 878 1016 943 fiunt
1030 880 1117 943 inter
1133 879 1214 944 haec
1230 897 1299 944 cor·

233 1008 334 1070 pora,
363 1009 429 1056 nou
460 998 510 1052 εει
539 1007 668 1071 magna.
703 989 890 1054 Differentia
919 993 1007 1054 enim
1036 991 1070 1052 in
1101 989 1299 1066 subtilitate,

234 1117 317 1179 quae
344 1109 392 1165 est
418 1100 505 1164 inter
528 1119 646 1182 aquam
670 1109 701 1164 ει
723 1103 857 1176 vitrum,
880 1102 989 1163 minor
1012 1109 1059 1163 εει
1081 1120 1119 1164 ea
1141 1119 1224 1182 quae
1251 1108 1300 1164 est

233 1211 318 1274 inter
340 1230 450 1275 aerem
478 1220 510 1274 et
529 1212 787 1293 unumquodque
811 1214 949 1274 istorum
972 1230 1154 1292 corporum.
1179 1211 1297 1276 Verum

234 1320 389 1401 possibile
412 1330 461 1383 est
483 1322 577 1384 nobis
600 1329 632 1383 et
653 1323 775 1384 iterum
792 1322 845 1383 hic
861 1339 990 1383 sumere
1006 1321 1221 1401 quantitatem
1237 1321 1299 1384 fra·

236 1431 381 1494 alionum
399 1431 483 1495 sicut
498 1450 707 1512 exponemus.
728 1431 899 1512 Goaptetur
913 1430 1164 1511 semicylindrus
1179 1430 1299 1496 vitreus

236 1542 295 1620 (fig.
312 1542 365 1616 82)
385 1559 461 1606 cum
479 1542 596 1622 planca
614 1559 718 1618 aerea,
737 1548 770 1605 et
788 1542 1003 1606 constituatur
1020 1543 1067 1604 ita
1080 1549 1118 1604 ut
1131 1549 1301 1605 conservet

234 1653 452 1732 positionem,
474 1670 538 1732 qua
560 1659 711 1716 centrum
734 1651 805 1715 eius
828 1653 885 1714 flat
906 1653 995 1714 idem
1018 1659 1129 1715 centro
1151 1651 1301 1733 plancae,

235 1769 267 1823 et
288 1778 402 1827 rursus
424 1779 540 1843 parum
563 1763 726 1826 coloretur
748 1763 838 1825 locus
860 1763 895 1824 in
912 1779 976 1843 quo
996 1771 1045 1827 est
1062 1781 1089 1837 e,
1113 1771 1144 1826 ει
1159 1763 1302 1843 erigatur

234 1871 352 1952 planca
372 1873 407 1934 in
422 1872 509 1954 pelvi
524 1872 564 1935 ad
580 1880 684 1936 rectos
700 1871 837 1952 angulos
851 1890 950 1953 super
965 1873 1170 1954 superficiem
1186 1891 1302 1954 aquae,

235 1982 268 2044 in
292 2001 357 2063 qua
378 1984 534 2046 medietas
556 1983 646 2046 illius
674 1990 736 2057 est,
764 1989 797 2046 et
822 1983 1038 2068 constituatur
1060 2001 1195 2048 curvum
1217 1984 1302 2047 latus

234 2093 317 2166 vitri,
339 2111 437 2174 super
460 2111 525 2173 quo
542 2101 591 2158 est
607 2093 676 2167 rat,
699 2095 849 2174 desuper,
865 2099 896 2154 et
911 2091 1096 2155 effundatur
1109 2093 1143 2154 in
1161 2093 1247 2173 pelvi
1262 2093 1302 2157 de

236 2220 320 2283 aqua
353 2211 479 2266 tantum
513 2211 637 2284 quanto
660 2203 748 2266 linea
772 2205 821 2266 tet
854 2204 895 2267 de
926 2202 1159 2283 semicylindro
1189 2204 1303 2268 existat

233 2330 331 2395 super
348 2331 449 2396 aquae
465 2314 685 2395 superficiem,
701 2321 732 2378 et
747 2320 896 2398 sumatur
913 2315 947 2376 in
964 2311 1127 2376 subtiliori
1148 2313 1300 2388 humore,

234 2423 386 2488 videlicet
401 2425 434 2486 in
453 2442 547 2503 aqua,
560 2424 725 2504 quaelibet
743 2423 1007 2486 circumferentia
1020 2431 1056 2486 ut
1067 2426 1121 2503 ph,
1137 2425 1303 2488 etiterum

235 2533 278 2594 sit
300 2521 412 2598 decem
434 2534 585 2614 partium.
603 2535 747 2620 Ponatur
762 2543 870 2597 autem
886 2552 983 2614 super
997 2535 1017 2594 lt
1032 2533 1166 2614 aliquod
1184 2534 1303 2598 subtile

201 2725 210 2740 '
235 2643 427 2718 coloratum,
450 2650 482 2706 et
505 2645 679 2723 aspiciatur
700 2662 775 2706 oum
798 2644 898 2707 altero
922 2643 1112 2718 oculorum,
1135 2663 1304 2725 quousque

233 2772 286 2816 res
304 2772 386 2834 quae
405 2754 545 2816 volvitur
563 2771 660 2834 super
674 2754 969 2818 circumferentiam
986 2757 1041 2826 ab,
1057 2763 1093 2816 ut
1108 2775 1140 2830 z,
1158 2756 1304 2818 videatur

235 2866 416 2927 secundum
439 2864 650 2928 directionem
673 2865 823 2944 punctilt
846 2871 877 2926 ει
899 2863 962 2926 1οεί
986 2864 1121 2927 colorati
1145 2866 1201 2944 qui
1217 2870 1266 2956 est
1280 2884 1303 2927 e.

234 2973 301 3046 Quo
324 2976 369 3037 ita
387 2975 554 3055 disposito,
571 2975 803 3056 protrahantur
820 2975 903 3037 duae
920 2975 1025 3036 lineae
1040 2977 1095 3046 ab,
1110 2994 1155 3036 ee.
1180 2977 1211 3037 Si
1228 2993 1304 3054 ergo

236 3086 474 3164 sumpserimus
497 3085 652 3165 angulum
675 3085 731 3165 qui
755 3085 791 3145 fit
812 3085 846 3146 in
865 3085 1021 3165 grossiori
1039 3103 1084 3157 re,
1100 3085 1252 3147 videlicet
1269 3085 1303 3147 in

236 3195 328 3270 vitro,
344 3197 400 3276 qni
417 3193 618 3274 dignoscitur
634 3213 690 3275 per
706 3196 1002 3258 circumferentiam
1020 3197 1078 3267 cb,
1097 3195 1304 3258 inveniemus

236 3325 295 3386 per
316 3307 378 3369 boc
400 3308 672 3386 experimentum,
696 3308 783 3386 quod
802 3306 939 3386 angulus
963 3307 1018 3385 qui
1042 3312 1091 3368 est
1114 3307 1147 3368 in
1170 3323 1255 3386 aqua
1273 3311 1305 3370 ct

237 3418 386 3480 succedit
403 3417 679 3498 perpendiculari,
696 3417 848 3480 videlicet
865 3416 1004 3497 angulus
1017 3419 1098 3496 petr,
1117 3435 1192 3479 cum
1208 3417 1306 3480 fuerit

236 3528 350 3591 decem
372 3527 524 3607 partium,
547 3529 726 3608 nonaginta
747 3527 909 3591 attributis
932 3535 1021 3590 recto
1044 3526 1177 3606 angulo,
1196 3527 1233 3589 fit
1250 3545 1306 3591 arr-

236 3636 332 3715 gulus
356 3638 410 3718 qui
431 3645 480 3701 est
494 3639 528 3700 in
546 3639 639 3724 vitro,
654 3644 766 3718 utpote
782 3638 920 3717 angulus
935 3657 1012 3712 cer,
1029 3654 1144 3701 novem
1164 3637 1305 3716 partium

237 3755 269 3810 et
284 3748 439 3812 dimidiae
455 3748 496 3812 ad
511 3766 620 3828 prope,
633 3756 752 3810 etcum
766 3745 905 3827 angulus
921 3749 976 3826 qui
990 3754 1039 3810 est
1052 3749 1085 3808 in
1100 3765 1194 3828 aqua,
1208 3747 1307 3810 fuerit

239 3859 366 3938 viginti,
385 3857 523 3938 angulus
538 3860 595 3938 qui
611 3859 646 3921 in
669 3860 761 3933 vitro,
777 3859 840 3921 erit
855 3858 968 3922 decem
985 3865 1016 3920 et
1032 3865 1103 3921 octo
1120 3867 1150 3920 et
1167 3857 1306 3931 mediae,

238 3977 270 4031 et
291 3986 366 4031 cum
388 3969 443 4032 ille
465 3968 563 4032 fuerit
584 3967 732 4048 triginta,
748 3969 810 4032 iste
824 3969 888 4032 crit
899 3968 1014 4049 viginti
1029 3976 1168 4050 septem3
1184 3975 1216 4030 et
1231 3985 1306 4030 cum

238 4076 294 4142 ille
317 4079 415 4143 fuerit
437 4078 665 4161 quadraginta,
688 4079 749 4142 iste
772 4079 834 4142 erit
855 4077 987 4160 triginta
1008 4080 1166 4164 quicqum
1183 4085 1215 4143 et
1232 4095 1308 4143 cum
