3550 5452
683 652 883 750 sunno
936 649 1209 719 scurrus

699 939 702 946 ·
753 903 798 973 Dc
818 901 935 995 Optt'ct's
956 901 1139 972 Tbelomuer'.

450 1206 514 1268 Res
534 1205 670 1284 quidem
688 1222 773 1284 qnae
792 1205 963 1277 videntur,
982 1210 1016 1266 et
1030 1202 1175 1281 qualiter
1192 1219 1413 1281 unaquaeqne
1432 1219 1487 1266 ea·

407 1331 482 1376 rum
498 1313 638 1387 videtur,
650 1321 683 1377 et
695 1322 777 1394 quot
791 1315 899 1378 modis
915 1313 952 1373 flt
965 1310 1099 1374 fallacia
1112 1311 1205 1374 visne
1216 1311 1251 1372 in
1265 1313 1489 1390 dignoscenda

407 1423 546 1488 veritate
567 1442 679 1486 rernm
700 1425 934 1496 videndarum,
957 1421 1191 1502 explicavimus
1208 1421 1245 1482 in
1260 1421 1408 1484 secundo
1423 1435 1489 1484 ser·

408 1551 508 1598 mone
531 1533 633 1596 buius
648 1533 738 1596 libri.
754 1535 800 1596 Ile
815 1534 914 1596 rebus
930 1538 1057 1605 autem,
1071 1533 1107 1594 in
1122 1531 1244 1610 quibus
1258 1529 1379 1594 accidit
1397 1548 1490 1594 error

410 1651 443 1708 et
464 1644 644 1720 dubitatio,
667 1644 747 1722 quia
769 1643 975 1706 ostendimus
998 1642 1090 1722 quod
1113 1641 1277 1721 quaedam
1296 1650 1383 1715 sunt,
1399 1659 1485 1720 quae

325 1747 326 1752 ’
409 1760 497 1816 recte
517 1754 687 1827 videntur,
714 1761 749 1816 et
777 1753 919 1816 breviter
948 1759 980 1814 et
1009 1751 1214 1815 sufficienter
1241 1751 1316 1812 illas
1346 1749 1488 1830 explica-

409 1863 533 1939 vimus;
549 1862 715 1941 quaedum
729 1870 841 1926 autem
857 1861 1014 1924 accidunt
1029 1862 1213 1924 secundum
1230 1861 1429 1922 fractionem
1443 1861 1489 1922 vi·

408 1970 518 2034 sibilis
541 1972 643 2045 radii,
665 1980 700 2036 et
721 1971 806 2034 illud
826 1973 862 2032 in
885 1971 1005 2035 maiori
1028 1979 1118 2050 parte
1136 1970 1340 2043 notavimus;
1358 1976 1488 2032 tantum

410 2080 571 2146 debemus
583 2081 647 2144 hoc
658 2082 813 2161 persequi
824 2099 884 2160 per
894 2081 1208 2152 demonstrationes,
1221 2079 1489 2157 quibusscieutia

410 2207 529 2254 eorum
549 2193 667 2272 utique
690 2198 924 2264 consumetur,
939 2197 971 2252 et
985 2207 1109 2268 ponere
1132 2188 1217 2250 illud
1232 2188 1267 2250 in
1282 2203 1487 2270 unaquaque

412 2299 555 2363 duarum
577 2299 767 2379 specierum
789 2300 985 2362 huiusmodi
1007 2298 1267 2378 imaginationis.
1444 2371 1446 2374 ¹

453 2410 536 2483 Quia
557 2409 660 2489 igitur
680 2409 786 2474 altera
806 2427 923 2473 ererum
946 2417 995 2472 est
1017 2409 1203 2472 secundum
1224 2409 1488 2488 penetrationem

288 2501 293 2518 ⁶
411 2517 554 2582 visibilis
574 2520 661 2582 radii
682 2520 718 2582 in
740 2520 842 2584 rebus
870 2518 1082 2600 aliquantum
1111 2519 1366 2597 refringentibns
1393 2535 1488 2592 enm,

413 2635 447 2692 et
468 2628 507 2691 flt
527 2629 605 2692 inde
628 2628 784 2705 reflexio,
812 2631 902 2708 quod
931 2629 1125 2692 vocavimus
1153 2628 1324 2691 communi
1353 2628 1489 2691 nomine

411 2738 674 2818 penetrationem
689 2739 787 2814 radii;
804 2737 907 2800 attera
918 2756 995 2800 vero
1008 2738 1135 2825 species
1147 2743 1199 2798 est
1213 2737 1248 2798 in
1263 2737 1364 2800 rebus
1376 2735 1488 2816 prohi-

410 2847 564 2909 bentibus
586 2848 872 2926 penetrationem,
900 2847 992 2909 unde
1016 2847 1052 2908 iit
1073 2847 1293 2909 reverberatio
1315 2846 1401 2906 radii
1424 2843 1489 2906 exi-

291 3027 297 3048 )
411 2963 504 3020 stens
526 2957 566 3018 ab
590 2957 788 3036 ipsisrebus
804 2957 1350 3038 prohibentibus·penetrationem,
1366 2962 1398 3018 et
1410 2973 1489 3016 con·
1566 3017 1570 3026 ,

386 3055 389 3062 ⁴
410 3066 581 3129 suavimus
596 3065 672 3130 illas
687 3067 861 3130 nominare
878 3066 1024 3147 specula,
1038 3067 1132 3130 decet
1143 3083 1205 3128 nos
1218 3066 1325 3146 primo
1340 3066 1488 3144 incipere

390 3245 392 3256 Ι
410 3175 505 3256 loqui
523 3178 562 3240 de
581 3177 683 3240 altera
700 3178 842 3240 istarum
862 3178 1003 3240 duarum
1023 3177 1221 3256 specierum,
1237 3177 1385 3240 secunda
1399 3177 1488 3238 vide·
1579 3153 1581 3160 ’

411 3283 503 3360 licet,
518 3292 550 3348 et
566 3285 676 3348 dicere
691 3288 731 3348 de
746 3287 877 3366 figuris,
894 3305 978 3367 quae
995 3286 1082 3348 fiunt
1095 3285 1130 3346 in
1148 3286 1322 3364 superficie
1336 3284 1487 3364 speculo·

411 3411 503 3468 rum,
516 3395 608 3474 plani
621 3394 777 3458 videlicet
791 3403 823 3458 et
838 3396 1012 3476 sphaerici,
1026 3396 1060 3458 id
1076 3401 1125 3458 est
1140 3395 1233 3458 curvi
1248 3401 1282 3457 et
1296 3395 1442 3468 concavi,
1457 3401 1489 3457 et

409 3500 450 3567 de
470 3521 510 3567 eo
533 3505 624 3584 quod
647 3511 788 3584 apparet
800 3523 842 3568 ex
863 3506 1105 3585 compositione
1127 3505 1269 3567 istarum
1290 3504 1485 3582 figurarum.

454 3612 534 3676 ilum
552 3631 629 3692 ergo
644 3613 680 3674 in
697 3615 853 3677 omnibus
868 3615 978 3690 rebus,
995 3631 1137 3693 querum
1153 3614 1292 3677 scientia
1307 3615 1488 3693 quaeritur,

411 3722 579 3804 aliquibus
601 3724 773 3805 principiis
797 3725 1042 3788 universalibus
1063 3725 1251 3806 indigetur,
1275 3723 1430 3788 videlicet
1450 3731 1489 3785 ut
1519 3781 1520 3784 ,

409 3839 657 3914 praeponantur
673 3852 727 3896 res
742 3834 810 3897 sive
825 3834 858 3896 iu
876 3835 996 3898 effectu
1012 3813 1079 3898 sive
1095 3815 1131 3896 in
1146 3835 1364 3897 consistentia
1378 3839 1487 3896 certae

409 3948 445 4005 et
462 3943 716 4018 indubitabiles,
732 3945 906 4023 exquibus
924 3952 1100 4024 sequentes
1115 3945 1415 4008 demonstrationes
1431 3962 1488 4006 su-

300 4121 303 4126 ,
410 4059 561 4129 martur-3
584 4053 744 4118 debemus
760 4053 884 4128 dicere,
899 4055 989 4134 quod
1007 4054 1168 4138 principia
1183 4055 1303 4133 quibus
1319 4053 1488 4132 indigetur
