3550 5452
329 759 334 769 -
436 603 597 800 mnium
611 709 751 798 aramus
765 709 1132 780 timenutensium
1146 728 1224 794 ergo
1235 709 1432 796 argolicis.
1446 714 1513 782 eim

437 825 603 910 omues.
1314 854 1317 862 ·
1376 872 1381 880 -
1465 857 1474 870 ·

479 940 563 1005 item
579 938 609 1002 si
625 954 694 1002 non
710 933 813 1002 fuerit
828 935 1009 1018 proportio,
1025 933 1112 1002 sicut
1123 933 1353 1010 diximusne
1364 933 1513 1017 pompi-

355 1080 362 1095 ·
436 1069 512 1116 mtrs
529 1049 776 1133 proportionem
795 1057 830 1112 st
850 1045 912 1126 (fio.
926 1048 977 1121 tt)
999 1045 1041 1110 ad
1057 1055 1087 1110 te
1106 1045 1194 1111 sieut
1208 1045 1456 1128 proportionem
1468 1047 1514 1116 tlt

436 1165 479 1228 ad
504 1161 569 1240 to,
597 1159 740 1227 dicimus
766 1158 860 1240 quod
884 1176 952 1222 non
976 1155 1171 1238 retringitur
1193 1175 1214 1225 c
1233 1163 1358 1238 putitio
1381 1157 1514 1238 quies

437 1269 770 1354 interposuerat,
785 1269 827 1332 ad
841 1269 888 1332 sit
903 1268 1016 1334 radius
1030 1267 1073 1333 ed
1086 1266 1243 1348 aequales
1258 1265 1411 1348 engsdosr
1424 1267 1515 1348 quod

437 1383 467 1448 si
488 1381 645 1466 possibile
668 1387 726 1456 oet,
747 1379 945 1460 refringatur
966 1397 988 1442 a
1007 1384 1129 1461 puncto
1151 1379 1172 1442 l.
1194 1378 1233 1442 Si
1248 1377 1527 1460 monopoleis.

436 1495 542 1560 rimus
556 1493 593 1556 in
608 1490 712 1558 simili
725 1490 930 1574 praepositae
945 1490 1070 1572 dgrnae
1081 1489 1208 1555 lineam
1219 1489 1264 1565 lig
1279 1489 1514 1570 etprotrereri-

437 1625 514 1672 mus
527 1605 651 1670 lineum
667 1603 941 1685 aequidistantcm
955 1601 1064 1666 finees
1079 1602 1122 1678 tt,
1137 1607 1171 1668 et
1185 1601 1389 1674 iucritmco,
1403 1600 1513 1666 moni·

436 1717 559 1788 tastum
579 1719 628 1780 cst
643 1731 703 1796 per
716 1731 758 1794 se
774 1731 859 1794 quae
875 1712 1102 1794 exposuimus,
1120 1711 1211 1799 quod
1223 1730 1278 1776 ete
1300 1710 1514 1788 astricolas,-

437 1827 519 1910 quia
536 1843 616 1906 ergo
634 1822 774 1906 angulus
787 1825 864 1886 mii
883 1822 1009 1888 divinis
1023 1830 1073 1888 est
1089 1821 1126 1888 in
1141 1822 1224 1904 duas
1236 1826 1347 1903 partes
1358 1818 1515 1902 ¹scripulos

437 1956 497 2022 par
509 1936 635 2002 lincam
650 1936 699 2014 lc,
720 1935 782 2000 crit
801 1934 853 1998 ml
876 1933 962 1998 sicut
977 1935 1033 2009 lo,
1049 1931 1185 1998 stlinee
1200 1933 1233 2002 lc'
1247 1931 1512 2012 estrumento

437 2039 553 2130 angrrli
569 2063 657 2124 raro,
677 2063 761 2128 quos
776 2044 948 2110 continent
961 2042 1113 2126 aequalia
1126 2042 1241 2120 latera,
1256 2048 1337 2109 sunt
1347 2042 1515 2124 sequulae.

438 2165 473 2224 et
485 2159 562 2223 ideo
578 2155 690 2237 anguli
705 2158 783 2230 mci,
802 2157 859 2220 ico
880 2161 977 2219 erunt
992 2155 1089 2230 recti,
1112 2160 1144 2218 at
1159 2152 1300 2234 argirius
1314 2154 1370 2217 bie
1385 2153 1453 2220 erit
1467 2172 1516 2218 re·

332 2251 349 2284 ⁰
439 2276 529 2345 ctus,
550 2268 639 2350 quod
658 2273 707 2330 est
727 2264 945 2346 impossihile.
963 2264 1031 2327 lirit
1045 2270 1157 2330 autem
1175 2264 1280 2344 magis
1298 2263 1515 2346 impossibile,

439 2381 470 2444 si
490 2385 643 2462 punctus,
664 2375 723 2458 qui
744 2384 793 2441 eet
813 2376 985 2440 terminus.
997 2375 1118 2451 lineae,
1139 2375 1175 2438 in
1194 2391 1261 2456 qne
1274 2375 1515 2457 estpropertio,

440 2489 541 2554 tuerit
561 2489 650 2552 inter
674 2493 814 2570 prmotos
835 2487 870 2561 b,
892 2487 922 2554 ir.

483 2597 693 2664 Manifestum
720 2604 770 2662 cet
796 2614 872 2678 ergo
900 2594 1101 2676 generalitor
1129 2594 1269 2677 quodsi
1290 2613 1332 2660 cz
1362 2602 1370 2674 t
1381 2596 1434 2676 tp.
1456 2593 1516 2672 tet

389 2775 397 2792 ,
441 2711 542 2776 tuerit
562 2709 669 2774 maior
690 2725 793 2790 quam
814 2697 876 2784 cit,
897 2713 932 2770 et
952 2705 1121 2788 proportio
1142 2705 1188 2770 icc
1209 2707 1251 2770 ed
1272 2725 1314 2788 sp
1338 2707 1425 2772 siout
1444 2725 1519 2789 pro-

441 2821 548 2904 portio
568 2819 615 2882 lct
635 2821 678 2884 ad
698 2820 740 2883 cic
760 2819 797 2882 in
816 2818 981 2882 universis
1003 2817 1147 2900 speculis
1169 2818 1337 2894 concavis,
1359 2818 1419 2901 qui
1439 2833 1519 2883 oon·

441 2933 622 2996 stituuntnr
648 2948 748 3012 super
774 2935 963 2994 centrumc
991 2936 1025 2993 'at
1051 2946 1112 3010 per
1139 2927 1333 2994 distentior}
1358 2929 1522 2994 maiorem

442 3061 545 3124 quam
558 3043 601 3106 cit
616 3047 649 3105 et
661 3040 830 3104 minorem.
843 3057 944 3122 quam
958 3039 1014 3118 cic,
1030 3039 1129 3104 debet
1140 3039 1277 3122 refringi
1291 3038 1381 3104 inter
1393 3059 1425 3118 ι,
1439 3039 1521 3104 ltro

443 3153 518 3216 dius
540 3152 581 3218 ed
602 3150 742 3232 angulos
763 3151 918 3232 aequales
932 3169 952 3214 a
966 3157 1056 3215 mets
1070 3149 1394 3232 communispsoulo
1408 3156 1443 3214 et
1455 3150 1520 3214 cir-

443 3263 520 3330 culo
540 3260 718 3328 constituto
740 3281 839 3344 super
861 3263 1060 3326 diametrum
1081 3261 1132 3327 icc.
1158 3263 1233 3326 Esto
1254 3262 1356 3344 igitm
1376 3270 1521 3344 punctus

442 3373 753 3458 supernatanti,
767 3372 920 3436 videlicet
935 3374 968 3448 b,
991 3378 1025 3436 et
1037 3372 1241 3438 describatur
1254 3391 1354 3454 super
1367 3379 1520 3438 connum

429 3505 459 3556 ,c
478 3503 538 3568 per
559 3483 750 3552 distantiam
777 3484 816 3546 ab
842 3483 943 3546 sectio
969 3481 1100 3558 circuli,
1129 3489 1164 3547 et
1183 3483 1228 3546 sit
1246 3485 1330 3562 city,
1353 3485 1521 3551 anticulis

408 3669 410 3676 Α
443 3595 480 3659 in
506 3595 649 3676 speculo·
662 3610 826 3669 concavo,
853 3601 887 3658 et
912 3597 1002 3658 secet
1028 3589 1242 3658 medietatem
1264 3593 1380 3660 circuli
1398 3593 1463 3658 irie
1476 3594 1519 3658 ¹in

443 3710 567 3788 puncto
588 3705 611 3768 i.
632 3704 781 3768 Dicimus
804 3721 891 3784 ergo,
905 3705 994 3784 quod
1014 3703 1234 3770 reverberatio
1255 3705 1318 3769 erit
1337 3707 1520 3788 interpun-

443 3821 515 3880 otos
535 3833 572 3891 a,
592 3816 652 3878 ite
671 3820 793 3897 puncto
811 3815 822 3877 l
844 3815 885 3878 ad
907 3814 1061 3896 aequalem
1084 3813 1240 3896 angulos3
1263 3817 1520 3896 quonitm'eum

446 3924 709 4010 copulaverimns
731 3925 838 3990 lineas
859 3925 914 4001 ici,
930 3926 978 4001 rt,
1000 3926 1063 3988 erit
1081 3925 1222 4007 angulus
1236 3925 1294 3992 ilc
1306 3931 1428 4006 coctus,
1442 3925 1522 4008 quir

445 4044 498 4101 oet
507 4038 544 4100 in
559 4037 733 4102 medietate
748 4037 863 4100 circini
878 4036 947 4112 tte,
965 4044 997 4099 et
1011 4035 1091 4116 quia
1105 4043 1155 4101 ast
1167 4053 1271 4119 penes
1282 4033 1520 4103 oncumtersn·

447 4148 530 4212 tiam
551 4147 669 4212 circuli
690 4149 769 4228 obp,
792 4153 825 4212 et
845 4147 934 4212 linae
947 4146 983 4210 tt
998 4147 1103 4229 tangit
1117 4146 1280 4212 circulum
1294 4149 1372 4228 cir,
1387 4166 1465 4212 cunr
1476 4148 1523 4212 sit
