3512 5456
436 591 494 656 idi

474 704 706 770 Verumtamen
737 702 892 783 possibile
915 711 973 766 est
1003 721 1041 766 ex
1068 702 1388 790 considepationibus
1420 701 1505 766 olim·

434 814 526 878 iactis
555 813 703 894 dignosci
735 814 920 893 generalem
950 813 1195 878 distinctionem
1223 813 1498 879 detractionibus

433 925 491 988 tali
513 927 621 988 modo.
637 927 699 988 Res
714 925 814 999 enim,
833 939 971 1004 quarum
994 926 1207 988 subsistentia
1229 931 1278 988 est
1293 941 1401 1006 penes
1423 943 1502 1006 pun·

434 1043 523 1098 ctum
540 1036 708 1100 tractionis
721 1036 805 1099 radii
822 1043 853 1098 et
868 1036 1145 1117 perpendicularis
1158 1035 1307 1100 cadentis
1322 1055 1341 1100 a
1357 1034 1503 1116 quolibet

433 1153 556 1228 puncto
578 1147 613 1208 in
637 1147 844 1228 superficiem
862 1146 1093 1212 terminantem
1107 1154 1246 1228 nmaqne
1261 1129 1426 1228 prae'dicta
1442 1146 1503 1209 dis·

434 1256 557 1320 similia
577 1273 731 1338 corpora,
746 1275 822 1322 cum
837 1259 959 1321 luerint
973 1259 1008 1320 in
1024 1259 1337 1338 grossioricorpore,
1360 1264 1390 1322 et
1410 1273 1502 1338 appa·

434 1376 509 1433 rent
529 1369 675 1432 maiores
704 1386 803 1448 quarn
824 1387 900 1431 cum
923 1369 1046 1432 inerint
1067 1371 1101 1431 in
1124 1367 1306 1442 subtiliori,
1329 1368 1445 1432 eodem
1468 1368 1503 1428 in

434 1479 582 1560 utrisque
604 1479 897 1548 situ-conservato,
919 1486 998 1542 tunc
1020 1480 1081 1542 erit
1098 1478 1253 1542 transitus
1268 1478 1406 1541 visibilis
1421 1477 1505 1540 radii

435 1609 454 1652 a
476 1588 650 1654 subtiliori,
666 1607 801 1671 corpore
828 1591 882 1652 ad·
897 1589 1138 1670 grossiuspaut
1160 1588 1197 1652 flt
1217 1609 1244 1654 e·
1260 1591 1405 1664 diverso,
1429 1605 1504 1652 cum

438 1701 602 1764 transierit
624 1720 643 1764 a
664 1702 818 1780 grossiori
841 1701 882 1764 ad
904 1700 1068 1764 subtilius.
1166 1737 1169 1742 ·
1252 1731 1256 1744 ·
1324 1721 1329 1742 ’-
1363 1732 1365 1742 ·
1456 1722 1472 1742 ·=

473 1813 547 1876 ttcc
568 1821 678 1876 autem
700 1813 747 1876 ita
769 1811 926 1887 dicimus,
945 1818 991 1897 ut
1007 1812 1103 1876 flexio
1126 1813 1168 1874 sit
1186 1813 1453 1876 eadem‘numero
1469 1811 1502 1873 ln

435 1925 793 2005 unaquaqueduarum
820 1925 1004 2004 specierum
1033 1925 1211 1996 transitus,
1240 1923 1369 1986 differat
1395 1923 1505 1985 tamen

437 2034 469 2097 ln
495 2037 614 2116 specie.
638 2035 675 2097 ln
699 2035 837 2098 transitu
863 2036 955 2097 enim
981 2035 1051 2098 eius
1074 2054 1093 2097 a
1115 2033 1280 2097 subtiliori
1304 2051 1440 2114 corpore
1467 2032 1507 2094 ad

437 2147 597 2228 messius,
622 2145 765 2209 declinat
787 2146 827 2209 ad
848 2145 1167 2226 perpendicularem
1189 2147 1223 2207 in
1243 2145 1383 2208 transitu
1398 2149 1507 2206 autem

437 2256 508 2319 eius
530 2257 725 2336 agrossiori
748 2273 883 2336 corpore
900 2256 941 2319 ad
957 2255 1112 2319 subtilius
1128 2255 1270 2320 declinat
1286 2255 1326 2318 ad
1343 2255 1506 2318 diversam

439 2365 702 2447 perpendiculari
724 2375 861 2448 partem.

478 2478 561 2540 llum
580 2479 667 2540 enim
688 2477 792 2559 figura
808 2479 907 2542 inerit
925 2477 1030 2560 posita
1046 2478 1228 2541 secundum
1243 2476 1394 2557 plancam
1409 2493 1509 2556 qnam

441 2589 718 2669 praetaxavimus,
749 2590 967 2657 stiterimus
995 2589 1140 2650 arbitrati
1170 2587 1265 2667 quod·
1286 2587 1453 2650 diameter
1466 2587 1510 2648 bd

442 2701 503 2780 (ᾗς.
527 2698 581 2774 85)
607 2708 655 2762 est
676 2701 709 2761 in
734 2699 925 2780 superilcie,
948 2715 1031 2778 quae
1054 2699 1225 2778 distinguit
1247 2699 1312 2760 duo
1328 2696 1511 2760 dissimilia

440 2827 590 2890 corpora3
613 2809 891 2891 perpendicularis
919 2817 1028 2872 autem
1056 2829 1119 2887 sep
1147 2815 1307 2890 protracta
1334 2816 1366 2872 et
1398 2807 1509 2892 radius

371 2983 375 2990 ,
441 2920 542 2982 flexus
555 2937 669 2984 sersus
683 2920 1000 3001 perpendicularem,
1011 2928 1050 2982 ut
1063 2921 1174 2982 radius
1186 2921 1236 2993 eit,
1252 2935 1325 2981 cum
1343 2935 1510 2999 qnocom·

362 3109 366 3118 ,
442 3032 615 3120 prehendit
632 3032 787 3112 angulum
802 3034 883 3110 palm
900 3022 989 3093 ¹situs
1000 3030 1119 3111 'utiquc‘
1133 3029 1282 3092 flexionis
1297 3035 1512 3094 manetunus

398 3150 402 3158 '
443 3150 475 3206 et
496 3142 599 3218 idem,
622 3161 696 3206 curn
719 3141 858 3205 risibilis
880 3141 989 3205 radius
1012 3143 1177 3204 transierit
1191 3159 1249 3222 per
1263 3147 1422 3221 punctum
1437 3157 1466 3211 e,
1482 3145 1514 3200 et

443 3252 527 3315 situs
546 3253 634 3315 visus
656 3252 754 3314 merit
775 3269 873 3332 supra
894 3260 1051 3332 punctum
1073 3269 1109 3322 z,·
1130 3251 1220 3314 linea
1242 3249 1331 3313 enim
1355 3265 1439 3328 quae
1462 3253 1511 3310 est

444 3363 753 3444 postfractionem,
775 3361 927 3426 videlicet
948 3363 1039 3426 linea
1060 3361 1113 3437 eis,
1137 3361 1281 3426 declinat
1300 3359 1414 3423 tersus
1436 3375 1510 3439 per-

445 3473 691 3556 pendicularem
724 3471 905 3537 secundum
935 3473 1179 3554 processionem
1212 3490 1329 3548 suam,
1356 3458 1512 3533 cumres

444 3585 586 3649 videnda
599 3585 728 3648 videtur
748 3585 929 3648 secundum
948 3583 1193 3660 rectitudinem
1210 3589 1250 3647 et-
1258 3583 1291 3645 si
1306 3583 1397 3646 visus
1415 3581 1513 3643 suerit

444 3697 479 3758 in
499 3702 621 3777 puncto
643 3698 676 3772 lt,
699 3703 731 3760 et
751 3715 792 3758 cz
814 3697 849 3758 in
872 3695 1035 3759 subtiliori
1056 3711 1213 3774 corpore,
1241 3694 1329 3774 quod
1351 3701 1400 3756 est
1421 3692 1511 3766 tad,

444 3805 658 3888 lineautique
672 3817 703 3873 et
717 3807 979 3888 postllexionem
994 3807 1056 3870 erit
1069 3825 1087 3870 e
1102 3805 1229 3868 diverso
1246 3821 1345 3885 quam
1361 3803 1511 3876 diximus,

446 3918 640 3983 declinando
668 3920 709 3983 ad
736 3920 897 3986 diversam¹
926 3927 1051 3998 partem
1080 3915 1357 3998 perpendicularis
1380 3934 1439 3988 oe,
1456 3915 1514 3975 ita

448 4031 534 4110 qnod
555 4031 712 4095 remotior
733 4029 811 4092 inde
833 4029 871 4090 sst
892 4025 972 4109 quin
1002 4029 1030 4090 si
1057 4027 1195 4090 visibilis
1223 4027 1334 4090 radius
1362 4023 1515 4106 procedat

448 4142 629 4205 secundum
651 4141 885 4205 directionem.¹
921 4161 952 4182 ’κ
1012 4171 1015 4178 2
1055 4173 1059 4180 ,
1277 4155 1280 4164 ·
