3512 5456
447 608 504 674 idi

442 729 479 786 ut
499 721 602 802 ligura
623 719 781 802 cylindri,
803 737 879 784 cum
901 737 1043 784 concava
1065 732 1140 801 pars
1162 720 1233 782 eius
1255 718 1353 784 inerit
1374 737 1394 782 a
1413 725 1507 802 parte

444 831 649 912 aspicientis,
677 832 801 895 formae
831 831 964 910 quidem
992 847 1075 910 quae
1098 830 1182 892 fiunt
1203 829 1237 891 in
1260 830 1332 910 ipsa
1354 829 1506 894 concavi-

443 950 529 1018 tate,
558 961 632 1006 curn
662 942 785 1006 fuerint
814 949 901 1004 retro
928 939 1118 1021 speculum,
1147 949 1178 1004 et
1199 940 1368 1020 longitudo
1391 942 1440 1004 rei
1461 941 1507 1002 ri·

442 1055 569 1118 dendae
586 1053 807 1134 aequidistans
822 1051 1022 1132 longitudini
1036 1050 1176 1132 speculi,
1192 1049 1360 1131 longitudo
1375 1051 1507 1131 quidem

443 1165 608 1245 apparebit
625 1165 815 1228 moderatae
839 1162 1050 1242 quantitatis,
1074 1168 1105 1225 et
1126 1163 1214 1241 quod
1236 1161 1334 1224 luerit
1356 1179 1508 1235 sursum,

441 1276 602 1340 videbitur
623 1293 769 1352 sursum,
798 1282 831 1338 et
858 1274 947 1354 quod
969 1275 1137 1348 deorsum,
1164 1274 1329 1338 deorsum.
1358 1274 1507 1338 Latitudo

444 1394 553 1452 autem
582 1385 746 1450 videbitur
773 1385 914 1461 maior,¹
928 1390 960 1448 et
990 1385 1078 1465 quod
1107 1402 1127 1448 a
1153 1384 1272 1448 dextris
1301 1384 1466 1447 videbitur
1488 1403 1506 1448 a

442 1496 607 1574 sinistris,
636 1504 669 1560 et
694 1497 782 1576 quod
804 1513 823 1558 a
844 1495 987 1558 sinistris
1008 1513 1028 1557 a
1050 1494 1189 1572 dextris3
1219 1501 1250 1556 et
1271 1511 1347 1558 cum
1368 1493 1507 1558 latitudo

443 1608 542 1672 fuerit
563 1607 785 1688 aequidistans
807 1606 1005 1686 longitudini
1028 1605 1178 1687 speculi,
1207 1606 1279 1685 ipsa
1301 1606 1435 1685 quidem
1456 1604 1506 1668 la·

443 1719 547 1784 titudo
570 1720 738 1802 apparebit
764 1719 951 1782 moderatae
974 1717 1188 1798 quantitatis,
1218 1724 1250 1780 et
1277 1735 1391 1780 rursus
1413 1717 1504 1780 vide-

440 1831 562 1896 buntur
577 1832 704 1896 dextrae
723 1849 776 1894 res
791 1831 955 1905 sinistrae,
968 1835 1001 1892 et
1014 1830 1165 1892 sinistrae
1178 1829 1321 1906 dextrae,
1338 1827 1506 1908 longitudo

443 1949 553 2008 autem
584 1944 705 2017 maior,
734 1942 821 2022 quod
848 1959 980 2004 sursum
1011 1959 1159 2015 sursum,
1181 1948 1212 2004 et
1236 1941 1324 2020 quod
1352 1941 1505 2004 deorsum

441 2055 607 2118 deorsum.
630 2053 693 2117 Sed
714 2071 789 2117 cum
812 2053 917 2114 iorma
933 2053 1118 2134 apparuerit
1133 2070 1172 2115 en
1186 2059 1277 2132 parte
1293 2052 1505 2116 concavitatis

440 2166 526 2228 inter
547 2164 716 2246 speculum
739 2173 770 2227 et
790 2165 908 2239 visum,
929 2162 1100 2242 longitudo
1122 2163 1236 2243 utique
1252 2181 1327 2226 cum
1342 2163 1441 2226 luerit
1456 2181 1507 2226 ae·

442 2275 623 2358 quidistans
644 2274 855 2354 longitudini,
870 2274 1039 2356 apparebit
1054 2276 1240 2338 moderatae
1256 2274 1457 2354 quantitatis,
1474 2281 1506 2338 et

443 2388 530 2468 quod
545 2403 687 2462 sursum,
704 2403 846 2461 sursum,
859 2392 891 2448 et
905 2386 992 2466 quod
1008 2386 1174 2460 deorsum,
1186 2387 1353 2460 deorsum;
1368 2383 1505 2448 latitudo

441 2516 520 2561 vero
536 2496 733 2578 quandoque
752 2497 918 2578 apparebit
932 2497 1120 2560 moderatae
1138 2496 1341 2576 quantitatis,
1358 2501 1390 2558 et
1406 2513 1506 2576 quan·

444 2610 548 2689 doque
562 2609 669 2672 maior
680 2615 711 2670 et
725 2608 921 2688 quandoque
934 2608 1053 2683 minor,
1064 2613 1096 2670 et
1107 2625 1158 2671 res
1171 2609 1299 2671 dextrae
1309 2607 1506 2670 videbuntur

442 2720 609 2795 sinistrae,
631 2725 664 2783 et
686 2719 836 2782 sinistrae
859 2719 1002 2797 dextrae3
1027 2720 1084 2782 sed
1099 2737 1174 2782 oum
1190 2717 1327 2782 latitudo
1340 2718 1440 2782 fuerit
1454 2736 1506 2798 op

441 2832 547 2913 posita
569 2830 766 2910 longitudini
789 2829 928 2912 speculi,
951 2829 1088 2895 latitudo
1111 2831 1173 2893 erit
1194 2831 1381 2894 moderatae
1404 2847 1506 2909 quan·

440 2943 561 3015 titatis,
589 2949 623 3004 et
648 2959 701 3004 res
730 2942 859 3004 dextrae
889 2941 1092 3022 apparebunt
1121 2940 1272 3004 sinistrae
1299 2948 1332 3004 et
1353 2940 1504 3004 sinistrae

441 3054 588 3130 dextrae;
617 3052 785 3132 longitudo
807 3071 883 3116 vero
906 3053 1103 3134 quandoque
1126 3053 1294 3134 apparebit
1320 3052 1505 3134 moderatae

441 3163 642 3245 quantitatis,
658 3170 689 3226 et
704 3165 899 3244 quandoque
915 3162 1046 3243 longior
1061 3171 1093 3228 et
1109 3164 1309 3245 quandoque
1323 3163 1463 3236 brevior,
1474 3169 1506 3226 et
1575 3185 1577 3190 ·

442 3275 530 3356 quod
546 3291 678 3338 sursum
694 3274 856 3337 videbitur
872 3274 1036 3348 deorsum,
1049 3280 1082 3337 et
1095 3275 1182 3354 quod
1197 3276 1350 3338 deorsum
1363 3289 1502 3338 sursum.

483 3387 521 3448 ln
549 3385 691 3464 speculis
720 3390 828 3447 autem
851 3385 1041 3464 compositis
1065 3403 1102 3448 en
1124 3385 1324 3449 concavitate
1347 3391 1379 3449 et
1401 3385 1504 3448 curri·

441 3503 517 3571 tate,
539 3513 615 3560 cum
637 3496 741 3558 forma
761 3496 809 3558 rei
831 3495 991 3559 videndae
1013 3496 1128 3560 debeat
1148 3496 1252 3560 videri
1273 3502 1404 3577 propter
1426 3511 1502 3560 con·

442 3609 612 3671 cavitatem
630 3614 718 3670 retro
735 3605 920 3687 speculum,
937 3613 970 3670 et
982 3607 1083 3670 luerit
1097 3605 1266 3687 longitudo
1281 3607 1332 3671 rei
1345 3606 1503 3670 videndae

442 3718 476 3779 in
500 3717 632 3798 speculo
655 3718 802 3798 opposita
823 3717 931 3780 lineae
954 3717 1079 3798 speculi
1102 3735 1239 3794 curvae,
1265 3716 1440 3797 longitudo
1456 3717 1503 3780 vi·

441 3828 571 3892 debitur
591 3827 734 3902 brevior,
757 3836 789 3891 et
809 3830 897 3909 quod
919 3846 1065 3906 sursum,
1088 3847 1233 3905 sursum,
1253 3835 1286 3892 at
1300 3829 1387 3910 quod
1409 3829 1498 3894 deor·

436 3957 537 4012 sum,
565 3940 742 4019 deorsum;
771 3938 907 4004 latiordo
934 3958 1011 4004 vero
1040 3940 1208 4022 apparebit
1236 3940 1361 4015 maior,
1391 3947 1424 4004 et
1451 3957 1502 4004 res

442 4051 572 4114 dextrae
602 4051 775 4126 sinistrae,
806 4058 838 4114 et
865 4051 1014 4114 sinistrae
1044 4052 1180 4116 dextrae.
1214 4051 1276 4116 Sed
1304 4067 1380 4116 oum
1406 4048 1503 4114 luerit

439 4161 577 4227 latitudo
600 4162 750 4244 opposita
772 4179 888 4226 curvae
900 4160 1031 4262 lineae,
1052 4163 1214 4228 ridebitur
1234 4161 1354 4237 minor,
1369 4167 1401 4225 et
1415 4159 1502 4244 quod
