3512 5456
1123 613 1125 618 .
1268 555 1329 625 tot

253 669 293 734 ad
309 668 335 743 b,
351 667 502 732 dirirlunl
517 667 557 732 de
573 659 698 732 circulo
716 665 872 748 aequales
887 663 1183 733 circumferentias.
1203 666 1237 732 Si
1252 685 1329 750 ergo

253 777 336 844 alter
357 784 557 860 punctorum
579 779 680 842 fuerit
700 795 802 860 super
822 780 984 858 punctum
998 795 1033 858 c,
1052 785 1085 844 et
1098 777 1182 844 alter
1196 779 1232 843 iu
1246 797 1330 862 pun-

250 895 302 953 eto
323 909 358 966 a,
386 889 444 970 qui
467 894 635 970 estsuper
656 888 780 952 lineam
802 905 839 967 eq
869 889 1087 969 productam,
1116 905 1184 952 non
1211 890 1329 954 refrin-

251 999 339 1080 gitur
363 1013 387 1062 ‘a
415 999 681 1062 circumferentia
710 1000 751 1077 iq
780 997 893 1062 rudius
923 997 1148 1080 coaequales
1178 1000 1328 1081 angulos.

253 1108 523 1174 circumferentia
545 1107 634 1172 enim
657 1109 699 1171 cb
722 1125 798 1172 oum
821 1108 864 1172 sit
884 1107 970 1172 sicut
992 1109 1260 1174 circumferentia
1277 1112 1327 1190 tp,

250 1220 334 1284 facte
357 1225 407 1283 est
428 1203 704 1295 circumferentia,
727 1237 828 1299 quam
850 1218 966 1282 dividit
982 1219 1081 1296 linea,
1097 1237 1182 1300 quae
1198 1217 1329 1303 copulat

251 1335 412 1413 punctum
427 1349 447 1395 o
462 1337 495 1394 et
508 1347 615 1392 unum
640 1329 679 1392 de
695 1329 823 1411 punctis
845 1347 946 1410 super
967 1329 1269 1394 circumferentiam
1287 1334 1328 1412 ip
1396 1323 1401 1334 '

249 1441 486 1516 existentibus,
519 1442 626 1504 maior
654 1457 757 1521 quem
786 1439 1052 1504 circumferentia
1078 1459 1181 1522 quam
1210 1442 1329 1506 dividit

250 1550 338 1614 linea
367 1567 452 1632 quae
479 1551 612 1632 copulat
644 1550 756 1632 ipsum
778 1556 940 1630 punctum
961 1571 999 1628 z,·
1022 1569 1041 1614 a
1062 1551 1329 1617 circumferentia

248 1677 325 1726 rem
347 1671 433 1742 qnae
456 1668 506 1725 est
528 1662 615 1724 inter
635 1680 668 1740 o,
684 1662 714 1736 t,
737 1660 895 1743 possibile
918 1667 968 1725 est
984 1662 1115 1724 radium
1132 1661 1268 1742 refringi
1281 1659 1325 1726 'ad

254 1770 410 1852 aequales
433 1760 571 1851 angulos
591 1777 630 1834 ut
651 1773 708 1845 ot,
724 1773 781 1846 tr,
804 1777 836 1834 et
856 1770 1014 1852 possibile
1031 1775 1080 1834 est
1095 1777 1174 1836 tunc
1188 1772 1328 1836 circum·

254 1881 410 1946 ferentias
433 1883 491 1957 cli,
514 1883 552 1944 tr
575 1897 646 1946 esse
669 1880 834 1962 aequales.
861 1881 926 1945 Nec
947 1880 1105 1962 possibile
1128 1881 1179 1946 es't
1202 1883 1241 1947 ah
1263 1883 1329 1948 ista

251 1986 516 2054 circumferentia
542 1989 646 2054 elium
668 1989 800 2054 redium
824 1990 981 2069 refringi,
1003 1989 1106 2056 altera
1131 1991 1223 2054 enlm
1245 1992 1328 2056 dua-

251 2116 326 2164 rum
347 2100 522 2176 linearem,
546 2118 631 2181 quae
653 2100 786 2182 copulat
807 2099 993 2181 praedictos
1008 2107 1147 2182 punctos
1169 2107 1202 2166 et
1224 2101 1327 2166 alium

251 2216 412 2293 punctum
424 2218 553 2293 praeter
564 2214 596 2287 t,
608 2211 723 2275 dividit
735 2211 1037 2275 circumferentiam
1049 2211 1212 2276 maiorem
1225 2231 1327 2294 quam

158 2341 162 2350 ·
252 2331 524 2403 unamquamque
546 2313 688 2388 duarum
710 2322 951 2404 praedictarum
970 2323 1326 2401 circumferentiarum

254 2431 358 2496 nitere
384 2451 460 2496 vero
490 2433 607 2497 dividit
632 2433 932 2498 circumferentiam
961 2434 1126 2498 minorem
1152 2433 1255 2498 illius.
1278 2435 1327 2498 Si·
1453 2421 1455 2426 ’

253 2541 332 2606 mile
355 2543 456 2606 etiam
482 2543 654 2620 accideret,
677 2544 705 2605 si
727 2549 869 2624 punctus
891 2563 911 2609 a
933 2551 1020 2610 esset
1040 2553 1130 2608 entra
1152 2544 1326 2621 circulum,

252 2659 285 2716 et
306 2652 394 2718 linea
415 2671 452 2717 er
475 2661 563 2718 esset
583 2655 691 2719 maior
711 2653 800 2719 linea
820 2673 870 2720 co.

293 2763 361 2828 Hae
382 2764 495 2845 itaque
517 2764 657 2846 species,
681 2782 763 2845 quas
783 2765 923 2830 diximus
940 2765 1170 2848 depositione,
1186 2773 1274 2845 sunt,
1290 2768 1325 2830 in

251 2873 373 2955 quibus
395 2871 511 2938 incidit
531 2872 641 2951 linea,
673 2893 758 2957 quae
781 2876 914 2958 copulat
936 2883 1106 2957 aspectum
1131 2883 1164 2942 et
1185 2895 1255 2942 rem
1276 2878 1324 2942 vi-

251 2984 393 3050 dandam
415 2984 501 3050 inter
523 2984 698 3067 speculum
721 2993 753 3051 ot
775 2994 923 3050 centrum
945 2988 1112 3068 sphaerae.

291 3096 384 3161 Nunc
405 3085 518 3161 autem
541 3098 633 3162 decet
653 3115 715 3163 nos
738 3115 899 3180 exponere
923 3115 978 3172 ea,
998 3115 1086 3180 quae
1109 3104 1188 3162 sunt
1210 3099 1250 3162 de
1274 3115 1325 3165 re·

146 3271 157 3290 κ
248 3197 545 3281 verberationibus,
569 3223 655 3288 quae
678 3206 765 3269 fiunt
786 3207 829 3270 ed
851 3203 1007 3288 aequales
1031 3207 1188 3289 angulos,
1212 3217 1245 3274 et
1267 3211 1324 3274 de·

250 3322 435 3382 monstrare
457 3316 547 3398 quod
568 3316 604 3378 in
627 3316 827 3397 quibusdam
849 3317 1057 3398 impossibile
1081 3326 1131 3382 est
1152 3319 1225 3383 fleri
1247 3337 1324 3384 oon·
1361 3309 1365 3318 “

249 3425 455 3490 iunctionem
477 3426 621 3490 duarum
644 3425 829 3504 lineorum,
859 3446 960 3509 penes
983 3445 1065 3509 quas
1087 3429 1229 3493 diximus
1252 3431 1325 3494 lieri

250 3536 390 3601 formem
411 3537 459 3602 rei
487 3536 668 3616 videndae3
697 3539 732 3600 in
760 3538 960 3620 quibusdam
983 3557 1117 3622 quoque
1138 3541 1211 3605 fleri
1233 3547 1324 3622 parte
1431 3627 1435 3634 ι

248 3637 321 3725 illa,
351 3659 422 3728 qu'e·
450 3653 500 3710 est
526 3647 721 3730 speculum3
754 3651 790 3712 in
819 3651 1019 3731 quibusdam
1047 3669 1124 3714 vero
1153 3649 1227 3715 lieri
1246 3669 1324 3716 oon·
1437 3703 1440 3711 .

249 3755 471 3822 functionem*
488 3761 574 3824 retro
608 3760 835 3841 aspicientem.
872 3761 909 3824 In
940 3762 1063 3843 quibus
1094 3762 1183 3825 enim
1213 3761 1322 3859 linea,

249 3879 334 3942 qnae
351 3863 545 3943 retringitur
567 3881 587 3926 a
608 3863 743 3945 speculo
766 3865 808 3928 ad
829 3881 900 3930 rem
921 3865 1104 3942 ridendam,
1124 3867 1225 3932 fuerit
1238 3868 1324 3934 siout

247 3971 353 4048 linea,
376 3991 462 4054 qnae
483 3973 617 4055 copulat
638 3991 708 4038 rem
731 3973 904 4039 videndam
926 3983 961 4038 et
982 3984 1132 4040 centrum
1154 3977 1324 4058 sphaerae,

248 4089 379 4164 oportet
406 4085 609 4160 necessario,
643 4092 681 4148 ut
714 4086 827 4150 radius
855 4085 1014 4152 refractus
1041 4087 1151 4152 exiens
1173 4087 1214 4152 ab
1237 4089 1348 4172 aspi·-
1470 4137 1479 4154 .
