3550 5452
622 672 758 786 suone
773 713 971 800 eudorus*

506 1085 508 1094 Ι
584 981 629 1056 De
656 983 773 1082 Optioir
800 983 996 1072 Ptolomaei„

291 1272 372 1339 dum
399 1271 500 1352 igitur
526 1269 564 1336 iu
589 1271 798 1352 praeoedeuti
819 1287 973 1338 sermone
995 1271 1198 1344 sufficienter
1219 1274 1324 1347 ioouti

249 1382 355 1450 timue
375 1382 416 1446 de
439 1381 611 1464 principiis
626 1381 789 1448 ettexotio
812 1381 1080 1461 eruditionibus,
1103 1385 1326 1467 quibueindi·

246 1498 342 1573 gutur
367 1499 399 1556 et
426 1491 614 1558 nooeroeriu
640 1497 691 1556 eet
707 1491 859 1558 uniendo
881 1507 1003 1558 eorum
1032 1493 1070 1558 in
1094 1495 1259 1577 epeouiie,
1275 1505 1322 1568 ,et

244 1602 477 1670 intimaremus
492 1600 626 1670 huhitue
640 1602 833 1678 iorrnerurn,
850 1617 935 1685 queo
949 1610 1109 1688 apparent
1125 1604 1162 1670 in
1176 1607 1321 1688 epeouiiu

246 1712 356 1794 plenis
369 1719 402 1779 et
411 1713 595 1787 ‘odwin-et
611 1712 795 1779 diceremus
812 1731 899 1794 queo
914 1720 1045 1795 oportet
1059 1715 1097 1781 in
1111 1716 1160 1783 eie
1174 1718 1323 1786 eooidere

247 1823 290 1892 do
302 1822 467 1892 universis
485 1822 583 1889 rebus
596 1823 767 1898 videndis,
783 1822 905 1891 dehent
917 1823 977 1888 iile
991 1824 1087 1905 requi
1103 1827 1324 1909 inpraesenti

247 1948 399 2002 sermono
426 1922 719 2017 torquentum,
748 1949 833 2016 quoe
860 1951 1022 2017 exponere
1044 1939 1261 2019 promisimus
1283 1942 1324 2008 do

247 2044 400 2128 upooulie.
557 2057 560 2064 '
678 2057 681 2066 ’
755 2057 758 2064 “
938 2059 941 2066 ’
1327 2067 1330 2072 ·

288 2155 444 2224 Dicemus
464 2170 541 2238 ergo
563 2173 708 2238 eaquae
734 2155 890 2222 uooidunt
911 2161 946 2254 ei
962 2164 1124 2256 'apparent
1145 2159 1182 2224 in
1203 2159 1323 2228 ultimo

246 2283 366 2348 genere
394 2265 606 2348 opoonlorum
635 2257 860 2348 simpliorem,
889 2279 975 2348 queo
1001 2287 1070 2334 non
1092 2275 1173 2335 eunt
1193 2285 1322 2354 oompo

246 2378 325 2453 eiu,
339 2377 491 2444 videlieet
505 2379 545 2442 do
559 2378 722 2460 speculis,
737 2394 882 2458 quorum
901 2375 1095 2460 superficies
1110 2380 1198 2447 vieni
1215 2383 1341 2448 nobie--

246 2507 325 2554 oeno
347 2496 395 2554 ert
416 2505 575 2564 oonoeve,
597 2496 631 2554 et
650 2490 868 2570 procedemus
890 2490 928 2554 in
948 2489 1012 2556 hoo
1027 2492 1213 2557 seeundum
1232 2494 1321 2574 quod

222 2613 225 2619 ·
247 2599 284 2664 io
305 2598 380 2665 eliis
401 2599 652 2682 prooeeeirnue3'
665 2606 698 2664 et
711 2617 831 2666 ruroue
848 2601 1116 2668 demonstremus
1137 2603 1193 2670 iiio
1214 2605 1324 2684 prinu

245 2710 334 2791 quod
360 2711 515 2792 possibile
542 2709 653 2776 estin
682 2711 833 2776 oenoevie
853 2711 1004 2793 epeeuiie
1026 2711 1100 2776 fieri
1125 2714 1325 2782 revendere·-

163 2875 166 2882 .
247 2819 373 2886 tionem
399 2821 501 2886 unius
530 2827 563 2885 et
589 2820 738 2890 eiusdem
764 2820 905 2887 visibilis
932 2821 1033 2898 redii,
1056 2824 1256 2904 quandoque
1283 2843 1320 2890 ex

245 2931 407 2996 univeros
432 2931 604 3013 portibus,
632 2938 665 2996 et
691 2931 889 3014 quandoque
912 2948 952 2996 ex
978 2933 1140 2998 universis
1170 2936 1320 3016 pertibus

244 3040 359 3108 oirouii
375 3039 508 3124 perdenti
528 3041 568 3106 de
586 3039 823 3115 oireuiioeiuo,
841 3042 1043 3124 quandoque
1059 3059 1137 3107 uero
1155 3053 1201 3109 ox·
1215 3045 1320 3110 tribue

245 3151 327 3216 indie
348 3151 427 3215 eine·
442 3150 496 3216 uei
512 3151 553 3216 do
568 3153 699 3218 duobus
718 3157 861 3227 tentum,
882 3143 1023 3236 autnon
1041 3152 1178 3234 refringi
1201 3153 1320 3218 obtoli-

245 3279 311 3343 qno
325 3260 400 3326 looo
415 3261 496 3328 eius.
512 3261 643 3344 Oportet
665 3280 741 3344 erqo
756 3268 794 3326 ut
809 3261 1050 3342 distinguemus
1073 3268 1105 3328 et
1119 3261 1319 3344 expliotrnue

244 3371 281 3438 in
298 3389 364 3454 quo
378 3369 454 3436 lodo
470 3372 509 3435 dt
522 3373 785 3455 unumquodque
799 3373 1055 3455 praedictorum,
1071 3379 1104 3438 et
1120 3375 1318 3457 quandoque

243 3482 342 3548 debet
370 3482 445 3546 fleri
475 3483 583 3547 forme
615 3484 835 3564 quarumdem
866 3483 1106 3551 refractionem
1133 3485 1318 3552 secundum

244 3591 425 3674 quemlibet
444 3594 583 3657 modum
603 3593 645 3658 de
666 3592 719 3658 hie
741 3611 825 3676 queo
846 3593 1109 3677 preepoeuinrue..

284 3702 430 3768 Dicimue
439 3703 1323 3788 'erqoquodrev'erir'eretioabunivereueuperdtieepe«

243 3811 310 3876 duii
324 3813 365 3876 dt
376 3813 434 3878 ite.
451 3815 526 3878 doio
544 3814 646 3878 ee'otio
663 3813 778 3878 oirouli
793 3815 829 3878 in
847 3815 982 3896 epeoulo
1000 3825 1157 3892 conuerte,-
1170 3835 1255 3897 quee
1269 3824 1320 3883 ert

242 3925 305 4003 nup
324 3925 390 4004 (fiet
400 3922 476 4001 36),
494 3923 590 3988 ouius
607 3923 723 3990 oirouii
738 3924 782 3987 eit
796 3931 947 3990 oentrurn
960 3926 996 4000 d,
1012 3931 1044 3989 et
1057 3925 1266 4007 mouebatur
1280 3927 1318 3990 in

243 4032 416 4116 speonlum
430 4032 710 4115 perpendicularis
724 4035 905 4116 id,-eitque
919 4037 1008 4100 visus
1022 4041 1164 4117 punoiue
1177 4037 1212 4112 d,
1222 4041 1260 4100 et
1272 4037 1318 4103 eit

242 4147 382 4224 ptrnotrre
399 4162 416 4208 r
432 4144 582 4218 modium
599 4145 798 4228 eunioientis,
812 4151 846 4210 et
857 4146 1078 4214 constituntur
1091 4146 1128 4210 in
1142 4145 1315 4229 superficie

1195 4269 1198 4274 ·
1277 4255 1304 4308 ΙἸ
