3550 5452
445 648 486 712 24

443 766 475 822 et
497 747 748 837 congregatione
770 733 990 820 eorum.'Neo
1016 747 1096 818 tirno
1116 755 1248 818 videtur
1269 771 1321 818 res
1343 755 1452 818 maior
1471 756 1523 826 nel

324 923 333 940 ,
440 868 575 941 minor,
602 871 716 946 utpote
737 883 806 928 una
827 873 861 929 et
887 866 1005 930 eadem
1031 882 1084 930 res
1106 865 1276 940 subiecta,
1300 883 1400 946 super
1422 883 1523 946 quam

442 976 558 1040 lumen
573 976 701 1051 incidit,
716 993 785 1040 non
797 977 927 1068 videtur¹
940 977 1056 1057 utique
1072 975 1180 1040 maior
1195 983 1252 1038 aut
1265 975 1377 1040 minor
1390 982 1523 1057 propter

440 1087 691 1151 multitudinem
713 1086 766 1151 vel
786 1089 987 1167 paucitatem
1004 1089 1091 1162 eius,
1110 1086 1200 1168 quod
1221 1086 1300 1150 iude
1322 1087 1410 1150 cadit
1423 1101 1525 1166 super

441 1217 536 1273 earn,
559 1204 591 1260 et
613 1217 680 1261 non
704 1216 743 1262 ex
763 1198 991 1278 magnitudine
1013 1197 1065 1261 vel
1088 1198 1245 1277 parvitate
1269 1197 1420 1270 diametri
1436 1198 1520 1258 eins.

440 1309 579 1390 Singula
600 1316 713 1374 autem
735 1311 876 1372 istorum
898 1310 1058 1390 patebunt
1081 1327 1120 1372 ex
1137 1309 1218 1389 ipsis
1235 1309 1335 1371 rehus
1359 1325 1521 1390 apparen-

441 1421 544 1496 tibus,
567 1420 728 1500 quoniam
751 1420 779 1482 si
800 1422 954 1484 eamdem
975 1419 1252 1500 magnitudinem,
1274 1436 1360 1498 quae
1379 1427 1471 1482 recte
1489 1427 1522 1482 et

442 1531 627 1594 secundum
655 1531 807 1594 eamdem
833 1530 1061 1595 habitudinem
1090 1531 1238 1605 videtur,
1266 1546 1343 1590 cum
1371 1529 1520 1609 utrisque

439 1640 546 1704 oculis
562 1641 798 1722 aspexerimus,
816 1643 922 1720 magis
939 1641 1124 1703 videbimus
1143 1657 1215 1702 eam
1236 1655 1336 1720 quam
1359 1657 1435 1702 cum
1450 1658 1520 1702 uno

440 1751 553 1830 oeulo;
573 1758 606 1815 et
620 1769 697 1815 oum
714 1751 939 1834 aspexerimus
956 1769 1029 1815 eam
1045 1751 1116 1814 sine
1132 1749 1398 1831 interpositione,
1414 1749 1520 1830 magis

438 1862 613 1938 videbitur,
630 1880 730 1942 quam
746 1857 822 1926 cum
841 1858 928 1924 inter
943 1880 1004 1926 uos
1019 1868 1051 1925 et
1067 1860 1159 1924 illam
1176 1859 1303 1924 tuerint
1320 1859 1452 1940 aliquae
1467 1877 1519 1924 res

438 1972 591 2047 subtiles,
611 1991 694 2053 quas
711 1973 803 2036 visus
824 1979 989 2052 penetrat,
1011 1980 1044 2036 et
1065 1970 1274 2051 aliquantum
1298 1971 1329 2033 ei
1350 1971 1517 2034 resistunt.

437 2083 502 2147 Nec
525 2083 633 2147 estin
657 2082 771 2164 aliquo
795 2083 936 2148 istorum
958 2083 1050 2164 quod
1072 2088 1225 2163 appareat
1246 2081 1371 2144 minus.
1394 2081 1428 2144 Si
1443 2080 1519 2160 quis
1584 2083 1589 2090 '

436 2193 527 2259 enim
549 2192 698 2274 posuerit
720 2192 846 2273 aliquid
868 2193 1007 2269 subtile,
1030 2193 1120 2274 quod
1141 2194 1232 2255 visus
1251 2197 1413 2272 penetrat,
1429 2193 1518 2254 inter

436 2321 507 2365 rem
538 2303 684 2366 lucidam
713 2309 745 2365 et
772 2321 825 2366 res
852 2321 952 2384 super
985 2322 1069 2385 quas
1096 2304 1210 2367 lumen
1240 2302 1376 2376 incidit,
1403 2301 1518 2364 lumen
1609 2357 1614 2366 .

435 2411 552 2491 utique
574 2411 688 2475 minus
710 2411 804 2475 cadet
826 2423 936 2492 super·
949 2430 1023 2488 eas,
1039 2429 1140 2494 quarn
1155 2412 1266 2492 prius,
1285 2411 1345 2476 sed
1366 2429 1435 2474 uon
1457 2411 1516 2474 ha·

437 2521 707 2594 habuntalterae
731 2523 911 2586 diametros
933 2523 1079 2588 maiores
1095 2523 1218 2586 alteris.
1241 2525 1305 2589 Res
1321 2539 1454 2604 quoque
1467 2521 1517 2586 ri·

436 2633 545 2696 denda
566 2650 644 2697 curn
664 2632 760 2696 valde
782 2641 883 2714 parva
904 2635 1022 2712 fuerit,
1039 2642 1072 2698 et
1086 2642 1218 2716 propter
1239 2634 1433 2714 parvitatem
1449 2651 1516 2695 non

433 2743 579 2819 videtur,
602 2761 664 2806 nec
686 2743 805 2806 accidit
826 2745 959 2819 ei‘hoc,
977 2743 1057 2826 quia
1074 2743 1193 2808 incidit
1213 2745 1249 2808 in
1271 2744 1382 2807 locum
1404 2743 1516 2806 minu-

434 2854 536 2917 tionis
557 2853 727 2917 radiornm
748 2854 852 2916 visus.
882 2853 1015 2934 Oportet
1041 2860 1153 2918 autem
1180 2869 1400 2934 cognoscere,
1427 2853 1517 2933 quod

434 2969 558 3027 natura
571 2963 716 3028 risibilis
739 2964 836 3039 radii,
850 2964 886 3028 in
900 2964 953 3028 his
969 2981 1054 3045 quae
1070 2983 1188 3028 sensus
1203 2964 1427 3044 consequitur,
1442 2981 1517 3028 oon·

435 3075 531 3137 tinua
552 3081 602 3138 est
617 3075 804 3138 necessario
821 3081 855 3138 et
868 3093 936 3138 non
953 3073 1148 3156 disgregata.
1164 3076 1197 3139 Si
1210 3093 1289 3140 vero
1306 3075 1516 3155 posuerimus

435 3185 685 3248 mathematicas
708 3185 1033 3261 demonstrationes,
1057 3191 1090 3249 et
1112 3185 1385 3250 constituerimus
1406 3185 1516 3250 radios

432 3296 523 3357 visus
540 3301 710 3374 tamquam
725 3302 831 3358 rectas
843 3293 960 3371 lineas,
973 3295 1220 3375 magnitudines
1233 3295 1349 3376 utique
1361 3313 1513 3374 magnae,

432 3421 517 3485 quae
529 3411 608 3466 sunt
620 3405 654 3466 in
668 3404 966 3486 distarrtia'aequali
979 3405 1156 3470 distantiae
1168 3425 1235 3486 qua
1244 3387 1365 3487 parvae
1377 3423 1429 3468 res
1444 3423 1514 3469 non

432 3515 589 3578 videntur
600 3521 735 3595 propter
748 3515 943 3596 parvitatem
963 3533 1094 3591 earum,
1111 3517 1314 3598 apparebunt
1328 3516 1514 3594 manifeste,

432 3623 522 3703 qnod
536 3631 612 3685 'uon
635 3624 805 3699 acciderit,
829 3626 858 3688 si
878 3624 1028 3688 risibiles
1049 3625 1134 3689 radii
1156 3626 1192 3688 in
1207 3625 1274 3690 'illo
1296 3625 1370 3690 loco
1386 3625 1515 3690 minue-

422 3740 549 3796 ·reutur
564 3739 597 3797 e't
612 3733 885 3814 disgregarentur.
904 3734 1029 3799 Similis
1043 3753 1176 3816 quoque
1191 3743 1277 3800 esset
1290 3735 1338 3800 ibi
1352 3735 1513 3816 apparitio

432 3844 545 3924 magni
572 3849 607 3908 et
629 3846 743 3926 parvi,
769 3846 928 3926 quoniam
961 3855 1037 3909 cu'm
1065 3845 1101 3910 id
1127 3847 1219 3927 tpuod
1239 3848 1280 3910 de
1301 3847 1404 3910 radiis
1426 3845 1514 3910 cadit

431 3972 533 4036 super
548 3954 728 4018 diametros
745 3973 863 4019 eorum
878 3973 938 4038 per
952 3963 1058 4020 totam
1068 3957 1194 4032 basem,
1206 3957 1272 4020 sint
1283 3955 1404 4036 singuli
1418 3955 1514 4028 radii,

431 4069 464 4126 et
475 4067 564 4144 quod
582 4083 620 4129 ex
641 4073 844 4146 unoquoque
860 4066 1010 4146 ipsorum
1021 4067 1193 4132 radiorum
1208 4065 1512 4148 comprehenditur,

431 4174 478 4236 sit
489 4181 644 4254 punctus,
658 4182 690 4239 et
701 4189 788 4256 quae
804 4183 885 4240 sunt
896 4176 986 4242 inter
1000 4176 1090 4258 ipsos
1106 4185 1245 4258 punctos
1260 4177 1441 4244 fflstantiae'
1454 4175 1513 4244 ha·
