3550 5452
445 609 486 671 38

483 713 643 780 Similiter
663 715 764 780 etiam
785 717 826 782 de
848 717 962 792 rebus,
986 733 1070 798 quae
1093 723 1172 780 sunt
1193 718 1463 798 propinquiores,
1485 725 1518 783 et

442 845 526 909 quae
554 835 633 892 sunt
660 828 875 908 remotiores;
905 843 1008 890 causa
1035 835 1085 891 est
1113 828 1204 891 enim
1225 827 1262 890 iu
1283 828 1338 891 his
1361 829 1517 892 omnibus

443 939 629 1002 secundum
657 939 762 1020 magis
791 945 823 1002 et
850 939 973 1002 minus.
1010 939 1115 1002 Causa
1142 954 1220 1002 vero
1250 939 1384 1003 videndi
1413 957 1467 1002 res
1498 957 1518 1002 a

440 1049 538 1130 longe
557 1055 606 1114 est
624 1049 825 1113 abundantia
841 1047 983 1112 visibilis
997 1049 1137 1122 virtutis,
1153 1050 1244 1113 unde
1262 1050 1409 1112 seniores
1427 1065 1515 1112 sem·

439 1179 498 1241 per
511 1153 625 1224 vident
642 1179 714 1226 rem
730 1179 749 1224 a
763 1161 886 1223 minori
903 1159 1068 1236 distantia,
1083 1159 1241 1240 quoniam
1256 1159 1399 1223 visibilis
1413 1162 1516 1222 virtus

441 1269 559 1335 debilis¹
583 1272 724 1334 efficitur
744 1271 780 1332 in
802 1271 851 1334 eis
874 1289 951 1333 oum
973 1269 1092 1334 ceteris
1113 1270 1297 1333 virtutihus.
1329 1269 1381 1334 Illi
1403 1277 1515 1334 autem

350 1403 355 1410 ·
438 1381 497 1460 qui
518 1381 644 1444 habent
667 1377 782 1444 oeulos
805 1379 988 1456 concavos,
1016 1380 1130 1443 vident
1150 1397 1170 1442 a
1191 1379 1310 1443 maiori
1337 1380 1515 1456 distantis,

437 1509 538 1570 quam
560 1489 611 1554 illi
635 1492 693 1572 qui
715 1489 797 1554 tales
821 1490 936 1555 oculos
959 1509 1027 1554 non
1049 1489 1191 1568 habent3
1220 1490 1318 1553 cuius
1345 1505 1444 1552 causa
1467 1497 1516 1553 est

437 1601 541 1663 virtus
559 1599 719 1677 visibilis,
742 1618 825 1681 quae
848 1601 886 1664 fit
906 1617 1008 1682 prope
1030 1600 1302 1680 coarctationem
1325 1599 1514 1663 cumcuim

436 1709 602 1804 processis
631 1709 731 1772 luerit
761 1727 799 1774 ex
828 1711 977 1790 angustis
1006 1709 1110 1784 locis,
1136 1711 1342 1790 protenditur
1369 1710 1459 1772 visus
1481 1716 1513 1772 et

438 1817 621 1898 elongatur.
645 1801 753 1883 Causa
765 1835 896 1901 quoque
911 1819 1045 1885 videndi
1062 1837 1115 1884 res
1134 1837 1153 1882 a
1169 1821 1356 1902 propinquo
1371 1820 1445 1884 loco
1464 1825 1513 1883 est

436 1929 641 2006 humiditas,
672 1930 767 1994 cuius
789 1949 864 2011 pars
886 1929 1012 1994 recedit
1033 1948 1111 1994 cum
1134 1929 1206 1992 visu
1221 1931 1412 2010 „quoniam
1435 1946 1512 1994 cum

434 2039 535 2102 fuerit
556 2057 673 2122 pauca,
697 2039 815 2104 accidit
836 2042 958 2116 statim,
980 2059 1059 2104 cum
1081 2041 1277 2122 processerit
1298 2041 1396 2116 visus,
1410 2037 1512 2108 disee

436 2151 512 2213 dere
541 2150 640 2213 illum
668 2152 708 2214 ah
739 2168 798 2224 ea,
828 2157 859 2214 et
885 2150 993 2214 videri
1021 2167 1073 2214 res
1101 2151 1306 2232 propinquas
1329 2151 1511 2232 exquisite;

434 2277 576 2340 cumque
602 2259 709 2324 multa
736 2261 837 2324 fuerit
864 2261 1067 2336 humiditas,
1088 2261 1254 2325 videbitur
1274 2279 1328 2325 res
1350 2281 1370 2327 a
1390 2277 1511 2342 magna

434 2367 609 2446 distantia,
631 2369 679 2434 ita
700 2372 789 2452 quod
811 2372 870 2452 qui
891 2369 1034 2434 voluerit
1052 2371 1282 2435 indubitanter
1301 2371 1429 2449 videre,
1451 2391 1510 2436 ne·
1534 2417 1538 2426 ·

433 2497 522 2544 cesse
546 2487 594 2544 est
616 2481 647 2545 el
671 2483 816 2563 aspicere
838 2482 988 2563 alonge.
1010 2471 1128 2546 Simile
1144 2488 1256 2546 sutem
1271 2483 1351 2546 huic
1366 2485 1456 2564 quod
1470 2485 1506 2546 in

431 2591 506 2654 visu
528 2591 664 2665 accidit,
689 2591 807 2656 accidit
829 2599 862 2656 et
882 2593 918 2654 in
940 2599 1049 2669 tactu3
1072 2585 1176 2655 unam¹
1197 2595 1289 2656 enim
1310 2593 1506 2657 oleandum

432 2721 504 2766 rem
526 2702 715 2766 molliorem
738 2703 874 2782 quidem
896 2689 1077 2778 sentitille,
1093 2703 1152 2783 qui
1165 2721 1286 2784 corpus
1302 2704 1402 2767 hahet
1417 2721 1507 2785 aspe-

432 2813 512 2888 rius,
529 2831 629 2892 quam
646 2811 704 2892 qui
719 2829 839 2893 corpus
853 2812 954 2876 hahet
968 2811 1114 2875 mollius.
1139 2814 1239 2876 (iuius
1258 2819 1370 2877 autem
1387 2831 1508 2896 corpus

432 2929 481 2986 est
509 2921 672 2997 calidius,
700 2923 802 2986 sentit
829 2921 922 2984 illam
951 2921 1175 3002 frigidiorem,
1204 2940 1307 3004 quam
1328 2921 1505 2986 ille'cuius

431 3039 551 3113 corpus
573 3011 622 3096 est
644 3031 806 3112 frigidius.
829 3034 955 3096 Rursus
978 3049 1055 3094 cum
1077 3033 1193 3096 eadem
1215 3033 1407 3112 magnitudo
1424 3039 1506 3097 tota-

432 3139 508 3205 liter
527 3120 659 3205 videtur
678 3143 802 3218 maior,
825 3150 934 3224 partes
956 3150 1067 3206 autem
1084 3144 1156 3205 eius
1171 3143 1330 3217 minores,
1344 3149 1377 3207 et
1390 3159 1507 3206 sensus

431 3230 567 3315 obvians
590 3253 620 3316 ei
636 3251 803 3327 insimul,
825 3252 931 3332 magis
953 3252 1122 3332 cognoscit
1143 3254 1363 3332 quantitatem
1385 3251 1504 3327 totius,

430 3367 560 3451 etcum
582 3362 761 3426 obviaverit
784 3345 868 3426 unae
890 3347 1034 3443 partium
1057 3370 1131 3426 ante
1155 3362 1307 3439 alteram,
1331 3369 1363 3426 et
1384 3361 1503 3426 alterae

429 3463 503 3550 p'ost
526 3471 672 3546 alteram,
694 3473 807 3535 minus
830 3459 997 3552 cognoscit
1019 3479 1135 3548 totum,
1151 3479 1370 3553 partem-vero
1385 3472 1503 3552 magis;

430 3587 463 3644 et
478 3599 555 3644 cum
570 3597 791 3662 unaquaeque
806 3573 930 3659 rerum,
949 3600 1034 3663 quae
1049 3583 1388 3663 comprehenduntur,
1402 3581 1504 3646 iuerit

429 3690 541 3754 minor
567 3692 604 3754 in
634 3710 673 3754 eo
704 3693 793 3772 quod
815 3691 855 3756 de
884 3699 951 3757 toto
981 3700 1116 3774 apparet
1142 3711 1181 3757 ex
1207 3693 1255 3756 eis
1283 3693 1503 3767 consistente,

429 3793 622 3882 magnitudo
646 3779 760 3882 utique
783 3785 859 3866 cum
882 3804 1041 3867 continua
1063 3805 1178 3878 fuerit,
1200 3803 1337 3866 habehit
1357 3803 1502 3884 aliquam

429 3895 679 3994 dispositionem
702 3911 894 3992 particulari
915 3914 1068 3994 parvitati
1089 3914 1322 3994 pertinentem.

432 4013 446 4034 ¹'
469 4021 628 4114 Similiter
645 4021 745 4086 etiam
765 4039 803 4085 ex
820 4023 1007 4087 diversitate
1022 4024 1196 4106 positionis
1211 4024 1436 4088 subiectarum
1450 4039 1501 4087 re·

428 4114 524 4207 rum,
547 4149 630 4212 quae
652 4133 690 4195 fit
711 4135 897 4198 secundum
920 4135 1025 4216 magis
1050 4143 1081 4198 et
1102 4134 1236 4208 minus,
1259 4129 1379 4198 eccidit
1398 4149 1501 4215 prope
