3550 5452
409 582 414 606 '
453 597 493 661 to

452 707 554 788 gitur3
576 707 682 787 magis
699 713 810 773 autem
826 707 915 792 eadit
931 707 1118 772 delumine
1135 725 1236 790 super
1249 724 1320 774 rem
1335 710 1528 775 existentem

449 818 486 879 in
509 818 646 892 umbra,
669 835 771 898 quam
797 835 898 899 super
923 817 1036 894 illam,
1059 835 1144 898 quae
1166 826 1216 884 cst
1237 818 1272 882 in
1295 819 1454 884 tenebris.
1476 819 1527 882 si-

451 927 575 991 militer
596 927 697 992 etiam
719 945 786 992 non
809 923 970 992 debemus
992 928 1192 1004 existimare,
1214 929 1526 1009 quodvisus-deci·

449 1035 555 1116 pitur,
578 1054 655 1100 cnm
677 1043 826 1102 mutatur
847 1039 956 1120 imago
979 1037 1128 1104 colorum
1147 1038 1246 1104 modo
1263 1038 1426 1118 quolibet,
1441 1037 1527 1102 sicut

448 1145 487 1208 tit
508 1147 544 1210 in
567 1147 708 1224 lumine,
726 1149 816 1242 quod
830 1147 998 1213 coloratur
1012 1167 1070 1230 per
1084 1149 1246 1228 quosdam
1262 1148 1360 1212 dores
1375 1148 1427 1212 vel
1443 1148 1525 1214 alias

447 1274 501 1320 res
517 1256 714 1333 colorantes,
727 1259 878 1339 caditque
896 1277 996 1340 super
1008 1277 1062 1322 res
1072 1260 1242 1324 videndas.
1256 1259 1412 1324 Universa
1423 1259 1524 1334 enim,
1614 1293 1618 1300 ·

448 1366 533 1446 quae*
554 1376 715 1448 apparent
736 1367 846 1432 colore
863 1367 1054 1432 consimilia
1067 1387 1107 1432 ex
1121 1367 1232 1433 colore
1248 1367 1384 1434 alterius
1402 1369 1451 1432 rai
1469 1385 1522 1430 ca-

365 1556 368 1562 ,
447 1477 556 1539 dentis
588 1495 689 1559 super
717 1496 772 1552 aa,
800 1495 843 1542 ne
872 1485 1030 1558 putentur
1059 1477 1195 1542 aliunde
1223 1477 1362 1553 mutari,
1390 1477 1456 1550 nisi
1485 1495 1523 1540 ex

446 1587 599 1666 passione
622 1605 707 1668 quae
729 1589 767 1650 tit
787 1588 824 1650 in
838 1588 919 1669 ipsis
936 1589 1034 1652 rebus
1053 1587 1204 1654 videndis
1219 1588 1260 1652 de
1276 1587 1522 1660 commixtione,

446 1713 512 1776 qua
535 1699 576 1760 ab
597 1699 746 1778 utrisque
768 1699 806 1761 fit
827 1717 915 1762 unus
943 1699 1130 1762 communis
1152 1697 1289 1762 babitus
1310 1699 1345 1762 in
1367 1698 1463 1772 visu,
1490 1704 1523 1760 et

447 1806 482 1868 in
503 1807 621 1872 babitu
642 1808 747 1888 ipsius
770 1809 829 1883 rai,
852 1810 937 1872 etin
955 1808 1175 1872 sensibilitate
1191 1809 1231 1872 ab
1249 1809 1298 1872 eis
1316 1815 1523 1888 congregata.

445 1916 671 1980 Subliciuntur
703 1918 804 1982 etiam
833 1917 911 1982 huic
943 1917 1066 2000 speciei
1094 1933 1146 1984 res
1176 1916 1272 1993 illae,
1295 1935 1436 1998 quarum
1460 1935 1520 1998 ap-

331 2046 333 2049 *
443 2035 537 2107 paret
564 2027 653 2091 idem
681 2027 794 2104 color,
824 2046 893 2096 non
927 2047 966 2092 ox
986 2028 1221 2094 commixtione
1244 2027 1380 2098 alterius
1402 2026 1522 2092 coloris

442 2155 520 2202 cum
542 2157 615 2214 suo,
637 2140 695 2202 sad
718 2158 756 2204 ex
778 2139 917 2202 diversis
940 2137 1108 2204 coloribus
1130 2138 1188 2220 qui
1210 2139 1328 2214 insunt
1349 2138 1522 2204 eiiliden·

441 2256 500 2311 ·tur
514 2257 625 2312 autem
642 2249 691 2313 sic
705 2257 840 2332 propter
853 2248 1045 2314 distantiam
1059 2256 1116 2314 aut
1130 2249 1337 2318 velocitatem
1352 2249 1521 2324 motionis,

420 2377 521 2421 .cum
541 2359 631 2424 visus
652 2360 688 2422 in
710 2376 913 2440 unoquoque
939 2359 1079 2426 istorum
1109 2359 1228 2426 debilis
1253 2359 1311 2427 flat
1337 2359 1519 2440 aspiciendi

442 2445 475 2532 et
496 2467 705 2549 intelligendi
726 2469 876 2552 singulas
898 2476 1019 2550 partes.
1048 2470 1212 2544 Quoniam
1239 2470 1269 2534 ai
1292 2468 1450 2537 distantia
1470 2485 1521 2532 re-

443 2595 519 2642 rum
540 2579 753 2644 videndarum
776 2579 996 2660 quantitatem
1016 2579 1185 2654 habuerit,
1204 2579 1251 2644 ita
1268 2586 1305 2648 ut
1323 2586 1356 2647 et
1369 2578 1520 2660 angulus,

445 2689 502 2769 qui
518 2693 619 2752 totam
634 2705 706 2752 rem
720 2690 882 2763 continet,
896 2689 1018 2753 babeat
1034 2690 1191 2754 idoneam
1207 2690 1439 2770 quantitatem,
1454 2687 1521 2752 sin·

443 2799 511 2880 guli
533 2807 644 2862 autem
665 2799 793 2879 anguli,
817 2799 876 2880 qui
891 2799 1064 2864 continent
1077 2799 1225 2866 diversos
1242 2797 1520 2876 commeruerint

441 2909 669 2985 insensibiles,
691 2911 860 2991 apparebit
880 2929 921 2976 ex
942 2908 1240 2990 ¹comprehensione
1256 2910 1411 2994 partium,
1433 2925 1519 2989 quae

443 3037 510 3084 non
539 3019 786 3096 discernuntur,
815 3037 894 3084 cum
922 3021 1076 3090 omnium
1103 3018 1307 3086 sensibilitas
1336 3035 1518 3100 congrege-

441 3131 543 3205 b'itur,
566 3131 656 3210 quod
678 3131 771 3196 color
792 3132 893 3194 totius
914 3131 964 3196 rei
985 3129 1024 3192 flt
1045 3149 1149 3205 unus,
1172 3129 1255 3194 altar
1278 3147 1379 3210 quam
1400 3129 1517 3210 singu-

444 3241 554 3304 larum
583 3241 739 3322 partium.
767 3241 925 3306 Similiter
954 3241 1055 3304 etiam
1087 3239 1206 3304 accidit
1233 3257 1272 3304 ex
1299 3245 1394 3306 motu
1420 3238 1520 3305 rebe-

442 3351 564 3415 mentis
586 3349 775 3426 celeritatis,
797 3357 834 3414 ut
855 3356 949 3414 motu
971 3350 1055 3414 troci
1076 3349 1189 3431 plures
1211 3349 1338 3416 colores
1352 3348 1519 3422 habentis,

443 3461 612 3541 quianon
635 3467 784 3524 moratur
812 3477 902 3524 unus
932 3467 965 3525 et
994 3460 1084 3524 idem
1113 3458 1251 3524 visibilis
1279 3459 1392 3524 radius
1420 3475 1522 3539 super

442 3589 550 3634 unum
573 3576 606 3632 et
627 3571 772 3634 eundem
793 3569 951 3647 colorem,
974 3549 1134 3651 quoniam
1157 3569 1280 3644 recedit
1302 3567 1396 3635 color
1417 3568 1458 3635 ab
1478 3585 1519 3635 eo

440 3686 575 3762 propter
594 3679 799 3746 celeritatem
820 3680 1015 3759 volutionis3
1038 3686 1072 3748 et
1093 3681 1141 3744 sic
1155 3679 1245 3744 idem
1262 3679 1377 3746 radius
1393 3679 1515 3745 cadens

440 3809 541 3872 snper
561 3793 681 3854 omnes
700 3789 832 3854 colores
852 3808 920 3854 non
948 3795 1057 3871 potest
1084 3789 1228 3854 dividere
1256 3788 1345 3856 inter
1372 3788 1520 3868 primum

441 3907 474 3964 et
494 3899 731 3976 novissimum,
752 3917 816 3964 nec
837 3900 1002 3965 intereos
1024 3899 1083 3980 qui
1105 3906 1185 3964 sunt
1204 3915 1263 3978 por
1284 3899 1414 3966 diversa
1435 3896 1518 3968 loca.

440 4011 604 4092 Apparsnt
625 4011 717 4074 enim
744 4026 861 4076 omnes
887 4009 1014 4074 colores
1036 4027 1096 4090 per
1122 4015 1230 4074 totum
1251 4015 1380 4076 trocum
1402 4007 1438 4069 in
1461 4024 1517 4072 eo·

369 4111 371 4118 '
439 4120 516 4185 dem
538 4127 686 4204 tempore
708 4121 803 4201 quasi
825 4122 926 4195 unus,
948 4127 981 4186 et
1003 4120 1093 4200 quod
1114 4119 1157 4184 sit
1174 4117 1294 4185 similis
1311 4117 1516 4199 celeriano
