3550 5452
1279 607 1336 682 ’99

300 723 424 788 Rursus
445 721 474 785 si
496 723 704 805 posuerimus
726 741 765 788 ss
787 722 850 804 (Μ.
874 721 948 798 38),
970 721 1131 790 maiorem
1152 738 1255 808 quam
1276 727 1336 802 et,
1437 763 1441 770 -

259 833 401 898 dicimus
428 833 632 915 impossibile
662 851 734 898 esse
760 834 892 900 radium
912 833 1048 915 refringi
1070 851 1090 898 a
1110 842 1231 916 punoto
1253 855 1274 902 α
1296 838 1337 902 ad

258 949 400 1027 puuotos
416 963 449 1020 s,
467 944 490 1008 lt
506 943 549 1008 ad
567 941 722 1024 aequales
737 943 883 1025 angulos.
907 944 1067 1020 Quoniam
1083 944 1112 1006 si
1126 943 1337 1010 diviserimus

258 1054 383 1119 lineam
402 1071 444 1118 ea
463 1053 499 1118 in
521 1060 645 1136 punoto
664 1064 675 1116 t
696 1053 870 1135 aequalem
890 1051 1001 1116 lineae
1022 1056 1082 1130 alt,
1105 1059 1138 1118 et
1160 1055 1335 1136 copulave-
1408 1083 1414 1096 ·

257 1166 363 1228 rimus
386 1175 437 1240 to,
460 1165 523 1228 erit
545 1163 687 1244 angulus
708 1164 769 1229 sola
790 1163 877 1228 siout
897 1161 1038 1244 angulus
1059 1163 1118 1228 eof
1143 1171 1275 1246 propter
1296 1184 1337 1230 ea

258 1291 344 1357 quae
364 1273 678 1352 domonstravimus;
702 1272 842 1356 augelus
857 1291 932 1338 vero
948 1291 1013 1338 eoa
1029 1274 1137 1336 maior
1150 1281 1200 1338 est
1215 1276 1335 1356 angulo

257 1385 339 1458 soi,-
359 1383 566 1466 impossibile
588 1391 637 1448 est
658 1401 736 1464 ergo
757 1383 894 1464 refringi
915 1383 1048 1447 radium
1069 1402 1089 1446 a
1110 1390 1233 1466 punoto
1254 1405 1285 1450 o.
1327 1437 1330 1443 ,

299 1497 422 1559 Rursus
450 1493 593 1558 dicimus
622 1491 711 1576 quod
738 1492 943 1575 impossihile
967 1499 1017 1558 est
1037 1492 1137 1556 illum
1157 1495 1295 1575 refringi
1316 1514 1335 1560 a

256 1612 378 1690 punoto
400 1605 489 1670 inter
504 1621 545 1680 o,
565 1607 587 1669 d
607 1605 673 1684 (fia.
697 1604 750 1680 39)
774 1608 812 1666 ut
834 1621 855 1668 a
874 1609 996 1685 punoto
1016 1603 1044 1667 t.
1061 1604 1141 1668 uum
1165 1605 1256 1668 enim
1279 1623 1334 1670 oo·

256 1715 478 1798 pnlarorintus
500 1713 607 1779 lineas
628 1716 688 1790 kt,
709 1714 762 1790 lta,
785 1715 842 1789 les,
865 1714 1026 1795 quoniam
1041 1714 1156 1795 anguli
1173 1715 1248 1790 alls,
1263 1714 1334 1792 alez,

256 1823 377 1893 dsunt
398 1843 470 1890 assa
493 1827 666 1907 aequales,
690 1825 752 1890 erit
773 1825 940 1907 proportio
961 1843 1001 1888 ze
1024 1825 1065 1890 ad
1086 1823 1238 1890 etaient
1259 1831 1334 1908 p'ro·

256 1937 363 2019 portio
384 1937 429 2000 lto
450 1935 492 2000 au
511 1935 566 2012 tt,
587 1935 647 2001 sed
666 1952 706 2000 sa
726 1935 834 2000 maior
856 1942 905 1999 est
922 1939 1024 2016 quam
1041 1936 1100 2011 olr;
1120 1936 1181 2000 erit
1199 1941 1277 2016 ergo
1292 1937 1334 2000 alt

256 2047 364 2112 maior
384 2063 486 2128 qnam
506 2045 569 2121 tt,
591 2046 697 2111 maior
718 2044 871 2110 videlieet
892 2063 993 2127 quern
1014 2046 1137 2121 maior,
1159 2048 1248 2127 quod
1268 2045 1333 2112 fal-

255 2174 331 2222 sum
352 2163 411 2220 est.
430 2156 500 2240 Non
520 2173 597 2236 ergo
614 2155 803 2237 refringitur
819 2155 906 2220 inter
922 2173 953 2232 s,
972 2157 994 2222 lt
1012 2155 1201 2237 apunetolt
1218 2156 1333 2222 radius

256 2267 298 2332 ad
320 2266 476 2348 aequales
497 2265 646 2348 ougtssos.
1323 2318 1327 2326 .

258 2431 260 2438 ,
298 2376 457 2444 Volumus
479 2379 705 2442 demonstrare
726 2377 815 2458 quod
833 2376 868 2440 in
887 2375 1153 2442 circumferentia
1175 2377 1332 2444 existente

256 2485 500 2567 interpunctas
522 2505 558 2561 a,
581 2487 598 2550 b
621 2492 671 2550 est
692 2493 848 2567 punctus,
871 2505 892 2550 a
913 2505 979 2567 quo
997 2485 1035 2548 tit
1052 2487 1271 2551 reverberatio
1291 2488 1330 2552 all

255 2595 410 2678 aequales
432 2595 579 2677 angulos
595 2596 645 2660 ite
663 2595 814 2661 videlieet
827 2602 969 2678 ponatur
983 2597 1149 2679 proportio
1165 2599 1331 2678 augmenti

256 2724 298 2772 sa
318 2725 417 2789 super
438 2707 478 2784 ela
500 2708 542 2772 ad
561 2707 616 2783 alo,
638 2707 724 2770 siotu
744 2707 912 2789 proportio
926 2708 970 2770 sit
992 2707 1034 2772 ad
1047 2707 1171 2774 lineam
1187 2727 1272 2790 quaa
1286 2710 1332 2772 sit

256 2820 365 2883 muot-
386 2837 487 2901 quarn
509 2820 556 2883 fal
582 2824 620 2882 ut
640 2817 707 2894 fla,
736 2824 768 2884 et
791 2818 1001 2900 protrahatur
1022 2817 1168 2884 lineali
1193 2826 1331 2901 tangens

253 2928 416 2994 oironlum
430 2931 547 3011 oiq'in
563 2936 685 3011 puncto
702 2931 728 3005 l,
750 2933 783 2992 et
800 2927 997 3009 oopulentur
1012 2928 1120 2994 lineae
1136 2932 1186 3006 la,
1203 2932 1254 2994 tt.
1277 2933 1330 2994 Di·

255 3039 372 3106 umus
391 3057 466 3122 erqo
496 3040 586 3122 qnod
614 3041 678 3104 tls
708 3038 898 3119 refringitur
927 3039 968 3102 ati
996 3039 1150 3120 aequales
1181 3042 1329 3122 angulos.

254 3151 411 3216 Transeat
420 3169 479 3233 per
489 3157 650 3233 punctum
662 3168 677 3213 a
688 3151 777 3214 linea
787 3151 824 3212 in
834 3167 912 3214 meo
924 3150 1146 3230 aequidistans
1159 3151 1329 3227 limasti,

255 3267 288 3326 st
301 3261 455 3343 iungatur
469 3261 560 3326 linea
573 3263 613 3326 la
627 3279 704 3325 oum
719 3260 881 3344 produuta
893 3259 993 3326 fuerit
1007 3260 1043 3323 in
1056 3279 1095 3336 a,
1110 3265 1144 3326 e't
1160 3262 1330 3343 copuletur

253 3373 284 3436 sl
307 3379 339 3436 et
354 3371 517 3436 dividatur
536 3379 567 3438 et
581 3373 667 3436 siout
687 3373 741 3436 alt.
764 3373 925 3448 Quoniam
940 3389 1016 3452 ergo
1032 3372 1200 3453 proportio
1221 3374 1266 3438 alt
1288 3374 1330 3436 oti

254 3481 315 3558 lat,
334 3482 421 3548 siout
434 3483 603 3565 proportio
625 3492 662 3546 st
679 3482 721 3546 ad
741 3492 789 3559 et,
811 3501 897 3565 quae
914 3489 964 3548 est
977 3483 1062 3546 siout
1076 3484 1134 3558 eit,
1150 3489 1183 3546 et
1196 3502 1329 3566 permu-

253 3592 348 3658 tatim
363 3593 426 3656 erit
439 3593 606 3674 proportio
622 3593 669 3657 let
682 3593 724 3656 au
739 3595 781 3658 alt
797 3593 883 3658 siout
900 3593 1067 3676 proportio
1083 3593 1125 3658 lto
1143 3594 1184 3658 ad
1201 3615 1259 3670 aas
1272 3597 1330 3660 ssu

253 3704 427 3786 propontis
440 3702 490 3768 lot
508 3703 552 3767 etl
573 3704 631 3778 alr,
654 3709 704 3768 est
725 3703 810 3766 siout
831 3705 998 3787 proportio
1013 3705 1050 3769 tt
1067 3707 1109 3769 ed
1126 3725 1186 3782 ao,
1205 3711 1240 3770 et
1253 3725 1328 3788 pro·

253 3814 360 3894 portio
381 3813 425 3878 lta
447 3815 488 3878 ad
509 3833 549 3878 ss
568 3814 655 3878 siout
669 3815 841 3897 ¹proportio
863 3814 898 3878 lot
918 3816 960 3879 ad
982 3833 1049 3891 sm,·
1071 3816 1134 3880 erit
1155 3835 1231 3898 ergo
1254 3835 1328 3898 pro,

253 3925 360 4006 portio
375 3923 637 4006 uniuscuiusque
652 3924 818 3990 linearum
832 3943 900 4001 em,
914 3943 958 3990 eo
972 3943 1039 3990 una
1062 3932 1095 3990 et
1109 3928 1235 4002 eedem,
1250 3934 1328 4000 sunt

254 4033 353 4116 igitur
374 4035 537 4116 aequales.
559 4036 660 4100 Linea
682 4041 796 4098 autem
814 4037 843 4100 le
864 4043 913 4100 est
928 4037 1124 4112 communis,
1141 4044 1173 4102 et
1187 4039 1254 4100 duo
1267 4056 1326 4102 an·

253 4145 320 4226 guli
343 4151 495 4210 utrorum
515 4146 766 4228 triangulorum,
787 4146 846 4228 qui
867 4153 945 4210 sunt
969 4163 1069 4229 penes
1090 4165 1118 4226 e,
1139 4154 1217 4252 sunt
1233 4150 1326 4223 reati,
