3520 5466
437 601 478 670 12

435 711 561 788 babent
583 712 623 779 de
647 718 766 778 natura
792 711 872 789 tatia
900 713 1057 788 existere,
1079 720 1117 776 nt
1138 719 1317 798 appareant
1338 714 1427 779 visin
1449 715 1522 785 sina

438 820 576 887 lumine.
604 822 686 886 Item
714 819 794 902 quia
818 823 1039 905 ,subsistentia
1067 822 1295 890 diversitatum
1318 823 1470 888 colorum
1491 832 1523 888 et

436 931 606 1010 generatio
628 949 747 1007 earum
779 951 848 998 non
875 933 914 994 fit
935 934 1000 996 nisi
1020 935 1208 1006 secundum
1229 910 1522 1014 mutaticucm'lu-

436 1040 540 1106 micis
562 1047 595 1104 et
623 1041 731 1116 visus,
759 1049 890 1121 onomat
918 1050 954 1105 ut
980 1061 1133 1124 corpore,
1153 1060 1300 1124 quorum
1318 1044 1404 1110 situs
1427 1061 1518 1111 uuus

437 1158 473 1248 et
491 1150 580 1217 idem
595 1158 667 1226 est,
682 1153 725 1216 ad
739 1170 842 1219 unam
858 1160 889 1218 et
903 1155 1044 1220 eandem
1060 1172 1131 1221 rem
1153 1153 1301 1240 lucidam
1314 1163 1356 1222 et
1370 1156 1517 1222 eundern

435 1260 544 1327 visum
577 1269 758 1343 appareant
790 1263 911 1329 similis
940 1263 1072 1329 coloris.
1100 1265 1164 1329 llos
1190 1270 1302 1330 auum
1329 1265 1519 1332 invenimus

436 1370 598 1437 nidorem
625 1378 755 1452 partem
780 1372 974 1439 huiusmodi
1003 1391 1181 1480 ceruorum
1195 1375 1244 1440 de
1266 1375 1403 1441 diversis
1433 1375 1521 1440 colo·

440 1480 548 1560 ritca,
565 1499 630 1546 nec
642 1482 825 1564 reperimus
840 1483 906 1546 boe
921 1484 957 1549 in
972 1484 1237 1548 numerabilibus
1261 1485 1358 1550 rebus
1380 1490 1520 1560 tantum,

432 1606 549 1658 verum
571 1590 671 1660 etiam
692 1593 729 1656 iu
761 1609 831 1655 una
857 1599 889 1656 et
916 1592 1034 1656 eadem
1056 1610 1091 1658 re
1112 1592 1279 1667 subiecta,
1301 1598 1456 1661 manente
1479 1591 1515 1656 in

432 1718 501 1764 nno
524 1705 558 1762 et
578 1701 696 1767 eodem
719 1702 787 1764 situ
808 1702 851 1767 ad
868 1719 939 1766 rem
954 1702 1102 1769 lucidam
1118 1709 1150 1768 et
1163 1703 1289 1778 visum,
1312 1708 1427 1782 utpote
1443 1702 1515 1767 aoi-

316 1863 321 1874 .
433 1809 526 1886 mal,
555 1811 645 1891 quod
670 1820 807 1874 vocetur
829 1811 1045 1890 Chamaeleon,
1073 1820 1107 1878 et
1128 1812 1230 1876 veluti
1253 1813 1401 1886 rubedo,
1430 1829 1515 1894 quae

433 1919 634 2002 quibusdem
655 1923 776 1990 accidit
788 1941 828 1986 ex
842 1924 1060 1998 verecundia,
1078 1930 1110 1986 et
1131 1923 1239 2004 pallor
1260 1923 1320 2006 qui
1341 1922 1415 1986 aliis
1428 1922 1513 1990 eooi-

431 2029 480 2096 dit
502 2049 540 2094 ex
562 2048 693 2116 pavore.
712 2033 782 2098 Hoc
797 2041 911 2104 eutem
925 2033 1044 2096 accidit
1058 2034 1093 2096 in
1109 2034 1162 2096 bis
1179 2033 1252 2098 sine
1271 2032 1424 2098 sensibili
1441 2050 1515 2098 mu-

433 2142 557 2206 tatione
581 2161 619 2206 ex
640 2143 721 2224 ipsis
743 2143 798 2208 vel
818 2144 918 2208 rebus
940 2143 1159 2209 exterioribus
1182 2141 1516 2224 supercreatum

431 2251 614 2316 mutatione
637 2252 770 2322 eoloris.
793 2253 1002 2320 Manifestum
1025 2261 1074 2318 est
1096 2271 1173 2334 ergo
1195 2271 1254 2336 uer
1272 2271 1311 2320 ea
1325 2269 1410 2332 quae
1428 2253 1513 2349 dixi·

432 2379 526 2436 mus,
548 2362 638 2444 quod
657 2363 749 2426 color
769 2381 847 2428 vere
863 2365 951 2427 inest
972 2364 1040 2439 his,
1059 2363 1154 2428 etde
1175 2371 1294 2430 natura
1314 2339 1431 2428 eorum
1451 2369 1513 2438 est,

432 2477 466 2534 et
486 2488 555 2534 non
577 2472 705 2537 videtur
726 2473 792 2536 nisi
815 2473 942 2538 lumine
961 2481 1157 2558 cooperante
1172 2472 1259 2538 visui
1281 2471 1511 2550 abstractum

433 2586 466 2642 et
486 2579 548 2645 hac
570 2581 609 2644 de
633 2599 734 2646 causa
762 2582 856 2646 licuit
884 2584 1008 2648 dicenti
1030 2585 1160 2662 dicere,
1182 2583 1272 2664 quod
1294 2599 1362 2646 non
1384 2581 1513 2650 videtur

435 2689 561 2772 aliquid
583 2693 755 2772 proprium
775 2693 914 2758 cuilibet
936 2694 1037 2758 colori
1059 2695 1095 2756 in
1118 2693 1229 2774 aliquo
1242 2700 1416 2772 tempore,
1438 2708 1516 2757 eum

433 2798 519 2865 nihil
542 2818 581 2865 ex
601 2801 653 2864 eis
673 2803 745 2866 siue
768 2804 935 2868 incidente
956 2802 1086 2868 lumine
1116 2801 1264 2884 quolibet
1286 2801 1385 2864 modo
1401 2779 1515 2868 ¹uidea-

434 2915 504 2982 tur,
522 2917 584 2972 aut
596 2911 769 2992 quodlibet
783 2911 934 2978 lucidum
947 2912 1001 2978 vel
1016 2912 1262 2992 quodammodo
1277 2910 1387 2975 simile
1403 2911 1512 2975 lucido

432 3017 590 3084 clarificet
612 3021 739 3086 colores
756 3040 815 3104 per
832 3023 1103 3089 commixtionem
1119 3040 1215 3088 suam
1233 3039 1309 3086 enm
1327 3019 1513 3102 superficie,

434 3129 513 3210 quia
539 3149 609 3195 non
637 3134 862 3218 communicat
891 3134 927 3196 in
953 3151 1072 3212 genere
1095 3131 1195 3198 elicui
1219 3148 1335 3198 eorum
1357 3148 1441 3212 qnae
1463 3130 1513 3192 vi·

433 3240 569 3316 dentur,
595 3242 662 3306 nisi
689 3242 879 3318 celorinum
905 3243 1129 3309 communicat
1153 3249 1263 3310 autem
1285 3241 1349 3304 sibi
1370 3241 1452 3320 ipsi,
1476 3245 1512 3302 ut

431 3340 559 3417 formae
586 3349 753 3416 coloribus
780 3369 911 3434 quoque
944 3359 981 3414 ut
1005 3354 1072 3430 νιος
1106 3358 1140 3418 ,et
1169 3351 1231 3417 hec
1261 3351 1303 3420 de,
1330 3368 1430 3418 ceusa
1458 3367 1511 3412 res

431 3459 598 3526 subiectae
621 3460 772 3525 videntur
794 3462 899 3544 magis
915 3469 947 3524 et
965 3461 1076 3527 minus
1094 3435 1171 3533 mou
1191 3478 1229 3524 ex
1252 3459 1439 3532 diversitate
1462 3459 1508 3520 vi-

431 3565 539 3641 sibilis
562 3566 696 3635 bannus
719 3575 857 3644 tantum,
880 3547 996 3635 verunt
1019 3549 1120 3634 etiem
1142 3586 1181 3630 ex
1203 3569 1286 3648 ipse,
1308 3575 1340 3630 et
1355 3567 1464 3648 potius
1480 3569 1513 3628 et

432 3666 656 3760 principaliter
667 3696 708 3743 ea
715 3679 902 3746 diversitate
914 3679 1047 3750 babitus
1060 3695 1181 3762 rerum,
1195 3695 1279 3760 quae
1291 3676 1404 3740 lucent
1416 3676 1510 3738 visui.

474 3786 526 3868 Fit
546 3793 659 3862 autem
679 3789 743 3860 boe
765 3788 801 3855 in
823 3807 1022 3876 unaquaque
1051 3789 1190 3853 istarum
1220 3787 1360 3850 duarum
1387 3785 1510 3866 specie-

432 3914 529 3963 rum:
557 3898 755 3982 quandoque
779 3918 817 3964 ex
838 3900 1020 3980 quantitate
1042 3899 1189 3980 ipsarum
1210 3897 1386 3972 virtutum,
1409 3914 1513 3976 quan·

432 4006 541 4088 doque
562 4025 639 4083 vero
656 4007 866 4092 esqualitate
888 4016 1031 4077 actuum.
1056 4011 1098 4070 Ex
1117 4007 1358 4072 diversitatibus
1374 4007 1533 4087 quidemx

433 4118 624 4196 dormitetis
645 4118 776 4196 videtin
797 4137 849 4190 res
871 4120 1000 4202 magis.
1022 4119 1155 4199 qnando
1176 4117 1251 4198 plus
1273 4105 1390 4194 incidit
1414 4133 1515 4198 super
