3550 5452
1283 627 1323 688 27

249 733 443 800 sensibilem
465 736 702 816 quantitatem,
734 741 789 799 aut
809 735 976 799 ridebitur
997 735 1147 816 aequalis
1171 737 1224 810 ei,
1245 752 1323 799 oum

249 845 422 909 diversitas
443 845 480 908 in
502 847 570 910 situ
591 845 691 911 luerit
712 845 928 910 insensibilis.
962 845 1094 911 Videtur
1122 851 1236 910 autem
1264 845 1322 921 id,
1362 863 1365 880 ¹

251 949 338 1034 quid
360 973 398 1018 ex
419 956 661 1020 consuetudine
683 955 731 1031 flt,
754 957 788 1019 in
812 973 970 1020 mensura
992 956 1129 1020 istarum
1152 973 1265 1019 rerum
1283 956 1324 1019 ad

127 1089 137 1102 =
253 1064 406 1140 invicem,
428 1083 467 1130 ex
488 1067 645 1146 opinione
668 1066 854 1148 procedere,
876 1083 945 1129 non
968 1083 1006 1130 ex
1028 1073 1147 1130 natura
1161 1065 1245 1129 situs
1260 1083 1322 1129 ne·

250 1193 315 1256 que
338 1176 521 1241 distantiae.
545 1176 625 1240 Cum
647 1176 738 1239 enim
760 1177 923 1258 quaedam
939 1175 1140 1240 sensibilitas
1155 1177 1193 1239 flt
1208 1193 1323 1240 exan-

250 1284 358 1364 gulis,
387 1291 420 1350 et
445 1285 600 1350 videntur
623 1288 785 1367 quaedam
806 1305 859 1350 res
881 1286 1043 1370 proclives
1067 1286 1262 1362 existentes,
1292 1293 1324 1350 et

252 1394 413 1476 quaedam
442 1403 610 1488 remotae,
640 1404 672 1461 et
702 1395 857 1478 quislibet
878 1399 1034 1478 opinetur
1056 1413 1325 1479 unamquamque

250 1504 389 1582 istarum
411 1507 576 1571 minorem
600 1523 686 1583 esse,
709 1506 859 1587 quamvis
881 1507 924 1570 sit
945 1525 1029 1583 una,
1051 1507 1086 1569 in
1111 1513 1244 1588 aspectu
1266 1525 1324 1571 au·

251 1621 318 1679 tem
347 1635 414 1680 non
443 1617 635 1682 inveniatur
663 1617 766 1681 altera
791 1617 903 1681 minor
925 1616 1047 1692 altera,
1070 1618 1128 1706 sed
1152 1616 1324 1699 aequalis,

251 1724 476 1790 existimamus
499 1745 602 1791 unam
625 1746 663 1792 ex
684 1729 732 1792 eis
755 1727 918 1792 maiorem
940 1746 1012 1792 essa
1026 1747 1034 1807 ;
1048 1729 1225 1808 quoniam
1247 1729 1324 1790 oum

250 1835 421 1901 diversitas
443 1838 654 1918 proclivitatis
678 1845 710 1902 et
732 1838 906 1904 distantiae
925 1839 1025 1903 fuerit
1039 1836 1255 1914 insensibilis,
1271 1856 1325 1920 ap·

250 1953 368 2029 parent
397 1949 482 2012 duae
511 1965 564 2013 res
592 1948 767 2031 aequales;
798 1955 832 2014 et
857 1967 934 2014 oum
955 1949 1055 2014 luerit
1077 1948 1267 2025 sensibilis,
1288 1948 1327 2011 tit

251 2058 379 2122 diverso
400 2059 512 2122 modo.

291 2167 398 2232 Veluti
421 2169 450 2232 si
471 2169 505 2232 in
527 2169 635 2249 figura
650 2168 717 2250 (iq.
734 2171 787 2249 9),
810 2170 846 2234 in
866 2188 932 2251 qua
947 2175 1017 2234 erat
1030 2169 1121 2234 idem
1136 2170 1231 2245 situs,
1246 2187 1323 2236 eon-

252 2276 456 2342 stituerimus
489 2298 628 2360 parvum
658 2279 839 2361 angulum,
868 2295 969 2360 quem
997 2282 1190 2344 contineant
1216 2279 1325 2344 lineae

180 2420 190 2442 ν
250 2390 345 2465 lese,
368 2390 448 2466 etl,
469 2407 600 2471 semper
620 2390 735 2470 utique
757 2390 925 2454 ridebitur
945 2391 1140 2471 magnitudo
1154 2393 1203 2468 qd
1220 2390 1327 2454 maior

128 2543 138 2563 .
252 2516 354 2580 quarn
374 2502 623 2594 at3quoniam
648 2502 806 2565 remotior
828 2508 897 2577 est,
928 2509 960 2566 et
982 2500 1146 2582 angulus,
1169 2501 1228 2583 qui
1251 2519 1325 2565 earn

174 2649 177 2658 .
253 2611 417 2685 eontinet,
448 2611 564 2675 maior.
596 2612 717 2676 Verum
742 2613 793 2677 tt
821 2628 1006 2692 numquam
1035 2611 1199 2675 videbitur
1218 2612 1327 2674 maior

252 2735 353 2798 quam
374 2719 436 2794 ob,
465 2719 600 2783 numid
622 2720 713 2802 quod
734 2737 772 2784 ex
794 2719 915 2801 angulo
937 2719 1109 2801 provenit,
1137 2737 1205 2784 non
1227 2737 1325 2800 supe·
1386 2803 1389 2814 1

251 2830 404 2893 ταιιιΜΙ)
427 2847 466 2894 eo
493 2829 582 2912 quod
604 2848 643 2894 ex
664 2829 818 2894 distantia
843 2836 983 2894 tantum.
1014 2829 1186 2896 Videbitur
1214 2836 1326 2894 autem

252 2938 363 3002 minor
383 2939 496 3015 altera,
519 2958 596 3004 oum
618 2939 788 3004 diversitas
810 2940 896 3003 inter
917 2948 1075 3020 utrasque
1093 2939 1279 3013 distantias,
1295 2946 1327 3002 et

253 3048 422 3112 diversitas
452 3066 536 3129 quae
566 3059 614 3113 est
641 3050 730 3114 inter
750 3049 909 3130 angulos,
937 3049 1115 3112 habuerint
1136 3048 1325 3112 sensibilem

253 3151 489 3237 quantitatem,
510 3160 569 3222 sed
589 3177 666 3224 oum
689 3177 756 3224 non
778 3159 957 3224 habuerint
978 3158 1170 3223 sensibilem
1194 3157 1327 3240 quanti·

254 3274 370 3344 tatem,
392 3269 479 3334 siout
499 3270 606 3350 primo
629 3270 830 3334 videbuntur
851 3267 1017 3350 aequales.

295 3380 418 3442 Rursus
440 3381 679 3444 constituamus
702 3381 738 3443 in
761 3380 865 3461 ligura
889 3379 953 3460 (Μ.
980 3379 1047 3456 ldt,
1063 3379 1098 3442 in
1117 3395 1184 3459 qua
1199 3384 1268 3442 erat
1282 3379 1328 3442 di·

228 3527 232 3534 ·
253 3489 375 3553 stantia
389 3489 505 3553 eadem
521 3495 554 3554 st
567 3489 686 3570 positio
708 3489 849 3567 diversa,
872 3507 1011 3572 parvum
1034 3488 1207 3583 angulum,
1227 3505 1327 3568 quem

255 3601 448 3663 eondneant
468 3601 548 3676 lete,
570 3603 654 3676 ealt5
684 3600 879 3680 magnitudo
907 3617 984 3680 ergo
1009 3602 1055 3681 qd
1082 3615 1212 3680 semper
1236 3599 1327 3661 ride·

255 3707 344 3772 bitur
371 3711 480 3773 maior
506 3727 607 3790 quam
628 3709 699 3786 ale,
722 3710 899 3774 uenierunt
921 3711 1012 3774 enim
1034 3709 1067 3773 ei
1092 3717 1129 3773 ut
1150 3709 1258 3774 maior
1279 3707 1327 3770 ri-

254 3819 388 3896 deatur,
410 3821 604 3901 magnitudo
627 3819 762 3901 anguli,
785 3821 964 3886 declinatio
986 3821 1069 3884 situs
1092 3820 1134 3883 ad
1156 3820 1263 3897 latus;
1286 3818 1329 3880 tt

255 3937 366 3993 autem
388 3948 573 4013 numquam
594 3931 761 3994 videbitur
781 3932 889 3995 maior
911 3947 1011 4011 quam
1027 3930 1082 4005 ab,
1098 3927 1223 4009 quiaid
1239 3927 1328 4008 quod

247 4042 405 4121 *provenit
426 4059 464 4104 ex
486 4039 626 4122 angulo,
648 4058 716 4105 non
739 4048 913 4122 superatur
934 4040 975 4104 ab
998 4058 1052 4117 eo,
1075 4039 1164 4120 quod
1178 4039 1329 4119 provenit

256 4166 294 4214 ex
315 4152 381 4218 situ
399 4157 541 4218 tantum.
575 4151 745 4218 videbitur
767 4159 880 4218 autem
900 4149 1012 4216 minor
1026 4165 1134 4227 ,oum
1155 4147 1327 4214 diversitas
