3512 5456
1257 610 1317 674 125

141 725 149 732 “
243 719 443 800 quandoque
466 736 543 782 vero
566 718 728 782 maiorem
745 725 778 782 et
793 719 993 799 quandoque
1011 718 1192 793 minorem,
1214 721 1319 800 possi·

243 828 310 892 bile
339 835 389 892 est
414 831 461 891 ab
489 825 688 910 quanddque
723 847 793 892 esse
816 827 960 892 similem
984 828 1035 903 let,
1066 835 1098 894 et
1119 829 1319 911 quandoque

242 939 403 1004 maiorem
427 947 460 1002 et
483 939 682 1021 quaudoque
699 940 874 1002 minorem.
899 939 931 1002 si
953 958 1032 1003 vero
1047 939 1147 1002 fuerit
1160 940 1320 1003 translata

242 1051 294 1112 ab
322 1049 364 1114 ad
394 1047 504 1113 locum
529 1050 582 1124 let,
613 1057 645 1113 et
666 1049 844 1113 habuerint
865 1050 1010 1113 eundem
1032 1048 1155 1124 situm,
1177 1048 1319 1128 angulus

242 1160 356 1240 utique
380 1160 438 1223 leet
461 1161 661 1241 quandoque
685 1159 746 1244 erit
767 1161 853 1224 sicut
875 1158 1017 1239 angulus
1033 1178 1133 1240 quem
1148 1160 1319 1222 subtendit

234 1249 310 1343 ab,
333 1287 409 1334 cum
432 1271 531 1334 fuerit
554 1271 637 1333 situs
659 1276 692 1333 et
714 1270 870 1332 distantia
896 1271 968 1332 eius
994 1270 1079 1333 siout
1107 1271 1190 1333 situs
1211 1276 1243 1332 et
1265 1269 1317 1333 di·

240 1379 363 1442 stantia
386 1378 437 1452 tls,
460 1385 492 1441 et
507 1379 666 1459 aspicitur
687 1378 760 1442 sine
783 1378 1068 1453 reverberatione,
1092 1385 1125 1442 et
1147 1379 1318 1459 apparebit

238 1488 361 1553 visula
382 1489 529 1569 aequalis
551 1488 601 1551 illi
615 1491 843 1576 ;·quaudoque
865 1507 942 1552 vero
966 1489 1028 1552 erit
1046 1488 1197 1568 angulus,
1214 1507 1315 1570 quern

238 1599 409 1662 subtendit
431 1601 495 1673 ab,
519 1599 625 1662 maior
647 1607 679 1662 at
700 1600 864 1664 videbitur
885 1599 1001 1673 maior,
1021 1600 1223 1680 quandoque
1237 1615 1315 1662 vero

243 1709 280 1772 fit
303 1709 444 1791 angulus
466 1711 655 1790 praedictus
679 1710 803 1786 minor,
827 1715 860 1772 et
881 1710 1046 1774 videbitur
1067 1708 1190 1772 minor.

285 1823 321 1882 llt
343 1821 464 1884 iterum
486 1838 682 1884 communes
705 1839 773 1895 res,
796 1839 938 1901 quarum
961 1820 1117 1884 distantia
1133 1837 1151 1882 a
1166 1825 1317 1899 punctos

241 1930 354 1994 minor
381 1936 431 1994 est
459 1947 559 2011 quam
582 1930 744 1993 medietas
767 1930 943 1992 distantiae
965 1929 1073 1992 centri
1095 1928 1252 2009 sphaerae
1275 1929 1316 1991 ad

242 2038 383 2104 alterum
405 2038 532 2120 speculi
554 2039 708 2117 laterum,
730 2045 928 2103 conservant
945 2038 1148 2112 distantiam,
1164 2056 1248 2119 quae
1266 2055 1317 2101 co·

241 2148 335 2231 pulat
357 2157 512 2229 utrosque
536 2150 694 2214 terminos
711 2148 957 2228 magnitudinis,
973 2148 1135 2211 maiorem
1150 2164 1251 2228 quam
1267 2145 1316 2209 di·

242 2259 397 2324 stantiam
419 2261 554 2324 formae.
578 2261 615 2322 lu
639 2261 791 2323 concavis
813 2257 957 2342 speculis
980 2277 1057 2322 oum
1079 2259 1186 2322 forma
1203 2260 1252 2322 rei
1266 2258 1314 2320 vi·

242 2371 370 2434 dendae
393 2371 582 2451 apparuerit
602 2372 689 2434 inter
711 2371 970 2445 camatvisutm
989 2369 1193 2433 ethabuerit
1214 2369 1315 2432 situm

243 2499 342 2561 quem
365 2481 633 2561 praeposuimus,
656 2488 762 2544 rectae
786 2480 893 2562 lineae
917 2497 1002 2559 quae
1025 2477 1182 2559 copulant
1203 2478 1315 2542 termi-

241 2609 303 2654 nos
325 2589 594 2671 magnitudinum
616 2591 847 2666 videndarum,
867 2590 1067 2671 quandoque
1086 2595 1244 2670 apparant
1258 2606 1315 2651 ae·

242 2699 359 2782 quales
383 2700 502 2797 formis
521 2719 650 2777 aarum,
673 2707 706 2764 et
728 2701 927 2781 quandoque
951 2699 1094 2762 maiores
1118 2704 1149 2762 et
1167 2699 1314 2779 quando·

243 2829 307 2892 que
336 2810 505 2886 minores,
533 2828 610 2873 cum
639 2811 845 2892 aspiciuntur
874 2810 948 2873 sine
970 2810 1258 2884 reverberatione,
1282 2814 1315 2871 et

241 2919 418 2984 habuerint
438 2920 639 3002 positionem
663 2927 699 2983 ut
721 2922 847 2985 formae
870 2937 1000 2995 earum,
1022 2920 1169 2983 similam
1187 2919 1254 2982 illis
1269 2919 1315 2982 di·

242 3031 397 3094 stantiam
420 3049 489 3094 nou
511 3031 671 3094 translato
693 3031 778 3094 visu.
885 3033 887 3045 '
935 3013 937 3018 ⁵

282 3142 356 3204 Esto
378 3141 480 3204 sectio
503 3141 618 3204 circuli
640 3141 675 3203 in
697 3159 841 3204 concavo
863 3137 998 3220 speculo
1020 3139 1088 3219 obp
1109 3137 1170 3220 tfip.
1188 3139 1258 3215 67),
1282 3146 1314 3203 et

242 3255 392 3315 centrum
415 3250 579 3325 circulid‚
610 3259 641 3315 at
662 3251 873 3333 protrahatur
894 3251 983 3313 linea
1005 3251 1068 3324 bd,
1091 3250 1200 3332 sitque
1223 3251 1313 3313 visus

240 3367 435 3441 puuctusu,
458 3367 491 3424 et
512 3361 603 3424 linea
624 3379 710 3443 quae
733 3361 865 3442 copulat
886 3361 1047 3424 terminos
1069 3359 1117 3422 rei
1139 3359 1311 3434 videndae,

240 3472 288 3534 ab
315 3471 361 3534 ita
388 3471 515 3552 posita,
543 3477 581 3533 ut
609 3471 774 3535 dividatur
801 3450 836 3533 in
865 3473 946 3535 duas
974 3472 1164 3536 medietates
1186 3487 1245 3551 per
1266 3469 1311 3531 li-

240 3597 337 3644 neam
364 3582 407 3645 dh
437 3582 478 3644 ad
504 3587 610 3644 rectos
639 3579 800 3662 angulos,
830 3583 1014 3645 secundum
1044 3582 1133 3664 quod
1160 3581 1253 3644 decet
1275 3582 1310 3643 in

240 3691 362 3765 rebus,
393 3708 536 3771 quarum
565 3691 650 3754 situs
680 3699 730 3755 est
757 3692 945 3772 oppositus;
981 3697 1013 3755 et
1040 3691 1265 3770 refringantur
1292 3709 1312 3754 a

240 3807 363 3882 puncto
378 3817 393 3863 e
415 3801 456 3862 ad
478 3807 617 3880 punctos
632 3802 669 3877 b,
684 3819 718 3876 a,
742 3801 808 3863 duo
831 3802 914 3864 radii
930 3801 971 3864 ad
986 3800 1142 3882 aequales
1158 3801 1309 3881 angulos,

241 3916 274 3974 et
294 3911 362 3974 sint
383 3912 473 3984 aab,
495 3928 582 3989 epa,
612 3917 644 3974 et
670 3912 909 3992 protrahantur
929 3916 992 3976 adt
1014 3919 1046 3976 et
1068 3912 1156 3987 ida,
1181 3919 1214 3975 et
1235 3913 1310 3975 iun-

239 4027 358 4101 gantur
379 4020 476 4084 lineis
498 4037 555 4096 aa,
576 4039 618 4100 ap
647 4021 680 4083 in
705 4023 836 4101 punctis
859 4033 885 4099 t,
909 4023 944 4097 k,
971 4030 1002 4088 et
1023 4001 1194 4104 copuletur
1219 4022 1309 4086 linea

240 4130 301 4192 atr.
333 4130 502 4196 videbitur
528 4148 603 4213 ergo
630 4132 735 4195 forma
757 4152 774 4195 z
797 4133 833 4195 in
856 4140 977 4212 puncto
1000 4145 1027 4209 t,
1049 4143 1081 4196 et
1102 4133 1209 4197 forma
1231 4135 1251 4196 h
1273 4133 1307 4197 in
