3550 5452
1305 577 1344 642 ii

315 685 383 750 llac
410 685 512 766 igitur
538 686 578 750 ds
605 701 707 749 causo
733 702 800 749 non
825 683 984 750 debemus
1007 687 1159 751 arbitrari
1179 685 1256 750 illos
1278 704 1349 752 esse

269 797 489 870 sufficientes,
519 795 577 877 qui
604 795 757 859 dixerunt
779 795 950 860 distantias
974 803 1103 860 tuntum
1126 797 1244 860 debere
1267 797 1344 862 addi
1439 859 1450 882 ,

268 925 368 987 super
397 905 432 970 id
459 907 547 986 quod
568 907 608 969 de
632 905 783 985 angulis,
812 913 844 969 et
865 906 955 986 quod
977 907 1024 970 eis
1047 907 1246 970 attributum
1271 915 1341 984 ast;

269 1017 491 1082 diversitatem
519 1033 596 1080 vero
625 1017 830 1096 positionum
858 997 970 1080 vocari
1001 1016 1252 1094 insensibilem
1283 1017 1344 1081 ubi

269 1125 423 1189 dixerunt
444 1127 533 1206 quod
556 1125 731 1190 distantiae
753 1126 873 1189 debent
896 1143 968 1189 asse
992 1126 1157 1206 aequales.
1172 1105 1341 1200 'Otramvis

269 1236 360 1301 enim
382 1234 476 1298 nulla
496 1235 539 1297 sit
560 1235 735 1298 diversitas
759 1253 796 1298 es
818 1235 1004 1310 distantiis,
1034 1243 1145 1300 tamen
1172 1236 1341 1300 multoties

270 1347 387 1410 accidit
407 1346 580 1410 diversitas
602 1363 640 1409 ex
663 1346 753 1423 situ;
781 1345 870 1409 unde
892 1346 929 1408 iit
950 1347 985 1408 in
1008 1346 1237 1426 magnitudine
1258 1347 1341 1412 ima·

269 1457 391 1536 giratio
420 1456 551 1520 diversa
573 1455 613 1518 ab
636 1455 695 1517 illa
718 1473 803 1538 quae
825 1455 864 1517 iit
886 1473 924 1519 ex
946 1455 1090 1536 angulo,
1118 1473 1195 1519 cum
1221 1475 1342 1538 posue·

269 1568 374 1630 rimus
405 1565 492 1630 hano
522 1565 746 1629 diversitatem
775 1583 894 1630 rursus
925 1583 997 1630 esse
1026 1566 1230 1630 sensibilem.
1266 1567 1342 1629 Uni·

268 1676 439 1741 versaliter
469 1693 545 1755 ergo
577 1675 606 1737 si
636 1654 849 1756 apparuerit,
882 1677 972 1755 quod
1004 1677 1195 1756 magnitudo
1229 1685 1375 1740 rerum·

267 1787 485 1850 videndarum
514 1786 727 1866 cognoscitur
749 1803 809 1866 per
831 1785 1096 1874 magnitudinem
1124 1785 1341 1866 angulorum,

267 1896 354 1961 illud
378 1899 420 1960 sit
441 1895 658 1978 principalius
681 1903 713 1958 et
736 1897 855 1976 aptius.
882 1896 1048 1959 -Similiter
1070 1897 1171 1960 etiam
1193 1897 1221 1958 si
1243 1915 1340 1978 appa·

267 2007 390 2083 ruerit,
412 2009 511 2088 quod
539 2007 747 2071 diversitates
775 2006 987 2070 sensibilium
1016 2007 1257 2087 dignoscuntur
1282 2026 1341 2088 per

266 2118 732 2183 diversitatesoonvenientes
755 2124 788 2180 et
809 2116 1075 2198 proportionales
1097 2119 1166 2195 eis3
1189 2117 1340 2182 naturale
1464 2125 1471 2138 ’

266 2227 358 2293 enlm
382 2236 445 2304 est,
468 2236 506 2291 ut
517 2226 721 2292 sensibilitas
738 2244 850 2290 rerum
865 2227 924 2289 ilat
937 2244 996 2307 per
1010 2243 1130 2308 genus,
1146 2227 1237 2306 quod
1252 2244 1340 2290 com·

189 2389 197 2404 ,
266 2357 369 2403 mune
392 2345 441 2404 est
462 2337 697 2402 accidentibus.
721 2338 833 2401 Gentis
850 2344 961 2401 autem
978 2354 1156 2402 commune
1171 2339 1338 2418 magnitu-

268 2450 401 2513 dinibus
428 2456 460 2513 et
488 2447 621 2528 angulis
648 2453 698 2512 est
726 2449 894 2528 quantitas
920 2448 1071 2529 ipsarum
1098 2465 1209 2512 rerum
1235 2449 1339 2528 qunti-

268 2575 412 2624 nuarum
434 2529 673 2636 s'ubiectarum3
696 2574 875 2621 commune
898 2573 1032 2639 quoque
1056 2558 1218 2622 distantiis
1236 2577 1340 2639 genus

268 2677 318 2734 cst
334 2669 500 2768 quantitas
520 2667 695 2740 distantiae
708 2669 743 2730 in
759 2684 962 2749 unaquaque
977 2669 1122 2746 illerum3
1140 2686 1246 2748 genus
1263 2687 1339 2732 vero

267 2797 445 2844 commune
476 2777 633 2860 positioni
652 2795 766 2841 rernm
789 2785 838 2842 est
858 2777 1020 2841 habitudo
1042 2777 1192 2842 locorum
1213 2797 1339 2842 earum.
1452 2805 1456 2814 ·

266 2890 323 2954 His
346 2907 422 2969 ergo
445 2889 485 2952 de
507 2887 616 2951 causis
638 2888 727 2951 visus
743 2889 912 2968 cognoscit
934 2888 1105 2952 distantias
1122 2907 1179 2968 per
1193 2887 1339 2968 longitu-

266 3000 378 3064 dinem
400 2998 587 3073 radiorum,
610 3004 642 3061 et
662 2998 831 3078 cognoscit
852 2998 1033 3078 positiones
1061 3016 1120 3079 per
1147 2997 1338 3076 qualitatem

267 3108 440 3189 positionis
455 3107 598 3170 basium.
617 3108 729 3170 Restat
743 3081 851 3187 igitur]
866 3113 903 3169 ut
916 3106 1109 3186 magnitudo
1126 3123 1339 3186 rerumquae

265 3220 439 3293 ridentur,
471 3217 772 3298 comprehendatur
799 3218 906 3298 primo
934 3223 967 3280 et
991 3235 1067 3280 vere
1095 3234 1133 3279 ex
1155 3217 1338 3298 quantitate

266 3329 377 3404 basis,
400 3345 484 3408 quae
506 3328 648 3392 refertur
663 3327 704 3390 ad
719 3327 936 3408 principium,
953 3329 1031 3407 quia
1045 3326 1124 3390 in'de
1138 3326 1340 3408 dignoscitur

252 3457 324 3526 ,per
344 3438 563 3519 quantitatem
586 3438 787 3502 continentis
810 3439 932 3518 anguli.

308 3550 441 3630 Figurae
475 3555 587 3612 autam
621 3550 789 3628 cognoscit
820 3549 911 3612 visus
944 3567 1002 3630 per
1033 3548 1154 3629 figuras
1186 3549 1339 3623 basium,

266 3677 368 3740 super
395 3675 476 3739 quas
505 3659 628 3722 cadunt
655 3659 800 3744 visibiles
827 3660 920 3722 radii.
953 3660 1071 3723 Linsas
1097 3675 1230 3740 quoque
1254 3677 1338 3742 quae
1423 3707 1427 3716 .

265 3769 389 3850 figuras
413 3769 604 3846 continent,
626 3771 795 3850 cognoscit
816 3789 876 3851 per
898 3771 1049 3834 notitiam
1070 3770 1235 3834 linearum
1258 3767 1363 3833 con·'

266 3881 442 3946 tinentium
465 3880 583 3954 bases,
612 3887 649 3942 ut
670 3888 775 3946 rectas
799 3888 831 3945 st
852 3897 988 3958 curvas,
1017 3897 1101 3961 quaa
1125 3883 1240 3945 ambae
1262 3887 1340 3945 sunt
1453 3919 1456 3926 ·

172 4041 182 4062 .
265 3989 463 4072 principales
486 3991 525 4056 ds
548 3990 740 4056 differentiis
767 3990 959 4072 figurarum.
993 3991 1163 4071 Cognoscit
1182 4009 1259 4056 varo
1283 4007 1337 4054 su·

264 4101 433 4182 perficiam
456 4110 563 4166 toturn
585 4102 972 4184 continentem,plana1n
995 4102 1146 4167 videlieet
1168 4108 1200 4167 et
1220 4099 1337 4184 sphae-
