3512 5456
422 617 483 684 128

421 732 502 795 tiam
523 731 597 794 aab
620 748 640 793 o
661 736 693 794 et
709 747 729 792 a
746 747 765 794 a
782 736 904 824 puncto
926 749 961 808 ρ,
977 734 1009 792 et
1027 728 1090 792 erit
1106 730 1214 792 formo
1232 731 1248 790 d
1270 730 1306 792 in
1324 730 1397 812 ipso
1412 747 1495 812 pun·

411 847 473 904 cto
486 842 516 903 d.
535 842 615 904 ilum
639 844 751 902 autem
767 827 898 902 fuerint
909 841 1034 903 formae
1046 856 1061 902 a
1072 859 1111 914 ,z
1129 856 1233 920 super
1248 849 1388 921 punctos
1407 843 1434 918 t,
1447 861 1495 918 m,

419 950 585 1015 videbitur
607 951 714 1013 forma
734 950 801 1012 eda
822 965 923 1011 curva
944 967 1046 1029 super
1064 948 1189 1013 lineam
1211 952 1285 1012 itm
1306 958 1445 1026 rectam,
1463 959 1496 1016 et

420 1077 496 1124 cum
518 1059 643 1123 tuerint
664 1061 789 1124 formae
808 1077 851 1121 aa
871 1059 1010 1122 inter‘ot
1033 1064 1064 1122 et
1079 1060 1168 1123 inter
1181 1069 1258 1139 pm,
1280 1061 1387 1124 forma
1406 1061 1496 1125 vido-

418 1172 509 1235 bitur
523 1187 673 1236 concava.
696 1171 759 1233 Rea
775 1169 875 1244 enim,
889 1187 966 1232 cum
981 1169 1211 1250 proportiones
1227 1170 1398 1235 radiorum
1414 1170 1495 1236 ohli-

420 1297 566 1362 quorum
599 1281 787 1344 cadentium
815 1295 914 1360 super
940 1297 995 1343 eas
1023 1280 1064 1343 ad
1090 1279 1200 1344 radios
1230 1288 1338 1344 rectos
1369 1281 1494 1345 fuerint

366 1419 368 1424 ·
421 1392 578 1466 minores,
594 1396 753 1473 apparent
768 1406 942 1464 concavae,
958 1397 1082 1452 etcum
1098 1390 1201 1453 fuerit
1214 1391 1323 1454 forma
1339 1409 1385 1454 er
1405 1398 1496 1455 extra

420 1506 561 1582 punctos
584 1502 610 1574 t,
624 1520 671 1576 m,
693 1501 801 1564 forma
815 1501 887 1564 eius
902 1499 1070 1563 videbitur
1091 1517 1192 1581 super
1208 1498 1333 1565 lineam
1348 1519 1494 1565 curvam.

419 1610 543 1674 Accidit
565 1609 664 1673 etiam
687 1609 781 1673 aliter
803 1627 904 1690 quam
926 1609 1088 1684 diximus,
1112 1611 1240 1690 quoties
1261 1612 1494 1692 proportiones

416 1721 585 1784 radiorum
601 1719 843 1784 declinantium
856 1720 1013 1784 adrectos
1029 1727 1130 1784 arunt
1141 1739 1295 1800 magnam
1312 1720 1406 1786 linea·
1416 1739 1492 1802 ergo

419 1832 503 1905 tim,
526 1847 610 1910 quae
626 1838 675 1894 est
687 1837 788 1902 recta,
806 1847 881 1892 cum
900 1829 1028 1909 aliquid
1046 1831 1088 1894 ad
1104 1831 1386 1912 comparationem
1401 1830 1496 1896 illius

419 1942 521 2004 fuerit
542 1957 739 2014 concavum,
756 1947 788 2004 et
804 1941 878 2020 ipse
897 1940 960 2003 erit
981 1957 1125 2004 concava
1146 1938 1353 2022 simpliciter,
1370 1948 1494 2006 etcum

421 2048 547 2131 aliquid
580 2051 621 2114 ad
651 2052 932 2132 comparationem
959 2051 1032 2114 eius
1056 2049 1158 2114 fucrit
1182 2068 1335 2127 curvum,
1364 2059 1397 2115 et
1423 2045 1516 2133 ipsa'

420 2160 484 2223 erit
504 2178 604 2223 curva
626 2159 832 2241 simpliciter.

462 2273 586 2334 lterum
616 2277 760 2350 ponatur
787 2271 894 2335 forma
921 2270 1006 2332 inter
1033 2268 1145 2333 visum
1174 2276 1208 2333 et
1236 2271 1433 2352 speculum,
1462 2277 1496 2335 et

420 2388 489 2444 esto
517 2380 620 2444 sectio
649 2381 765 2443 circuli
786 2381 821 2443 in
844 2380 980 2462 speculo
1009 2361 1154 2444 concavo
1176 2382 1244 2460 adp
1269 2381 1335 2462 (Μ.
1358 2381 1435 2458 tot,
1462 2387 1496 2445 et

420 2497 572 2554 centrum
600 2490 777 2566 cimelia,
807 2499 840 2554 et
868 2490 1082 2572 protrahatur
1108 2489 1199 2554 linea
1225 2493 1290 2554 edd
1317 2491 1493 2573 perpendi·

419 2600 542 2664 cularie
561 2619 663 2680 super
682 2601 871 2682 speculum,
894 2600 1003 2680 sitque
1024 2602 1116 2664 visun
1139 2607 1283 2682 punctus
1303 2622 1332 2677 e,
1355 2607 1388 2664 et
1407 2601 1496 2667 linea

422 2729 506 2791 quae
523 2711 656 2792 copulat
670 2711 830 2775 terminos
846 2712 894 2774 rei
909 2711 1071 2774 videndas
1082 2713 1136 2786 ita,
1157 2717 1190 2776 et
1207 2717 1297 2774 secet
1313 2729 1387 2774 eam
1405 2711 1496 2776 linea

418 2824 464 2886 ed
494 2840 553 2902 per
577 2822 659 2885 duas
686 2822 876 2885 medietates
898 2822 946 2885 ad
972 2827 1080 2885 rectos
1108 2821 1256 2902 angulos.
1283 2822 1366 2884 Gum
1392 2823 1494 2902 igitur

420 2933 598 3013 productae
620 2931 744 2994 fuerint
765 2931 874 2996 lineae
897 2933 977 3010 adp,
998 2930 1080 3006 adt,
1103 2931 1274 3012 apparebit
1294 2929 1435 2996 formae
1456 2932 1492 2994 in

420 3050 539 3123 puncto
554 3052 577 3118 t,
592 3050 625 3104 ot
638 3042 777 3105 format
793 3042 830 3104 in
847 3048 969 3122 puncto
982 3041 1009 3103 t.
1023 3040 1200 3122 copuletur
1211 3057 1287 3121 ergo
1298 3041 1446 3116 lineata,
1462 3047 1495 3104 et

420 3154 620 3234 producatur
634 3154 675 3216 ad
690 3152 992 3214 circumferentiam
1010 3151 1045 3214 in
1064 3154 1220 3232 peretot,
1238 3158 1272 3214 et
1289 3152 1496 3231 protrahatur

420 3263 509 3327 linea
526 3258 613 3337 idm,
636 3272 668 3325 et
689 3263 846 3342 iungetur
861 3261 971 3325 lineae
987 3264 1045 3336 att,
1063 3279 1138 3324 cum
1156 3261 1257 3325 tuerit
1273 3262 1441 3343 producta,
1458 3262 1494 3324 in

420 3378 541 3452 puncto
552 3391 593 3435 m.
606 3374 724 3435 Forma
738 3389 814 3451 ergo
831 3372 990 3453 punctim
1005 3370 1169 3434 videbitur
1182 3371 1270 3434 inter
1283 3379 1421 3452 punctos
1431 3371 1462 3446 d,
1474 3374 1494 3434 t.

419 3483 533 3548 Nullus
557 3483 646 3545 enim
664 3481 836 3544 radiorum
855 3481 964 3544 enisu
981 3481 1231 3562 procedentium
1249 3481 1441 3561 retringitur
1454 3480 1494 3544 de

420 3595 567 3674 punctot
589 3593 630 3654 ad
645 3610 678 3654 m
699 3592 741 3656 ad
764 3591 919 3671 aequales
934 3590 1089 3670 angulos3
1112 3595 1144 3654 et
1158 3589 1193 3654 si
1205 3605 1267 3654 nos
1286 3589 1494 3664 existimare-

420 3703 524 3765 rimus
545 3702 685 3765 formam
708 3701 820 3783 puncti
834 3721 866 3763 m
884 3701 917 3762 in
934 3707 1056 3782 puncto
1072 3719 1113 3776 o,
1134 3701 1242 3764 forma
1254 3700 1369 3780 utique
1385 3691 1493 3764 lineae

417 3813 475 3875 mir
489 3819 607 3885 rectae,
622 3812 786 3875 videbitur
799 3831 899 3892 super
913 3811 1038 3874 lineam
1052 3828 1137 3890 qnae
1150 3810 1269 3874 transit
1282 3827 1342 3891 per
1354 3817 1493 3890 punctos

421 3924 449 3999 t,
462 3933 530 3998 tn,
547 3930 580 3985 et
595 3922 657 3986 erit
671 3939 853 4012 concavum
867 3920 954 3984 latus
968 3921 1069 3985 huius
1085 3921 1214 3983 formae
1226 3937 1247 3982 a
1259 3923 1351 3999 parte
1369 3918 1457 3982 visus
1468 3935 1495 4012 q.

421 4033 580 4097 Similiter
602 4034 701 4096 etiam
723 4033 776 4106 dt,
799 4033 827 4094 ei
852 4015 1165 4105 existimaverimus,
1188 4030 1277 4110 quod
1297 4027 1389 4093 linea
1410 4045 1494 4109 quae

422 4142 537 4206 transit
559 4162 617 4224 por
640 4149 779 4224 punctos
792 4145 861 4218 z,tt
882 4141 925 4204 sit
945 4139 1127 4218 circularis,
1149 4145 1183 4204 et
1203 4155 1385 4204 concavum
1406 4137 1493 4202 latore
