3512 5456
1164 689 1168 694 .
1249 627 1310 692 127

278 741 326 803 Sit
348 759 423 822 ergo
447 741 539 821 prius
562 741 668 805 torma
691 741 739 805 rei
761 741 924 834 videndae
946 747 1034 804 retro
1057 739 1251 821 speculum,
1278 745 1311 804 'et

236 859 306 916 esto
321 852 424 914 sectio
440 852 570 926 circuli,
587 853 644 932 qui
660 852 754 914 estin
774 869 916 914 concavo
932 850 1066 929 speculo
1083 851 1123 912 ob
1129 871 1147 930 9
1166 851 1229 930 (dy.
1244 851 1309 925 68),

236 968 269 1026 et
285 969 436 1025 centrum
453 961 571 1024 circuli
584 965 619 1037 d,
636 969 667 1025 et
682 962 893 1042 protrahatur
907 960 997 1024 linea
1013 962 1087 1033 brie,
1103 968 1134 1023 et
1146 961 1312 1024 dividatur

207 1126 209 1132 ,
234 1070 324 1134 linea
338 1073 401 1151 uby
420 1091 479 1153 per
494 1073 576 1136 duas
591 1072 783 1134 medietates
800 1072 833 1136 in
851 1077 974 1152 puncto
991 1072 1021 1145 b,
1039 1078 1071 1134 et
1087 1072 1311 1150 producantur

233 1200 292 1263 per
312 1187 454 1262 punctos
470 1201 504 1255 a,
519 1201 538 1260 9
560 1182 649 1245 linea
663 1189 752 1245 recta
771 1200 851 1260 oro,
865 1189 897 1244 et
910 1180 1001 1244 linea
1016 1181 1197 1255 circularis,
1215 1183 1310 1245 cuius

234 1292 421 1354 concavitas
439 1293 482 1354 sit
497 1310 612 1354 versus
631 1291 805 1374 speculum
824 1299 855 1353 et
870 1291 1002 1353 radium
1018 1292 1206 1365 refractum,
1222 1298 1255 1354 et
1269 1292 1311 1353 sit

234 1402 320 1480 cho,
343 1408 376 1464 et
397 1402 440 1465 sit
460 1403 509 1463 dh
530 1401 637 1464 maior
660 1420 760 1481 quam
783 1402 850 1476 hb,
873 1402 982 1480 sitque
1011 1402 1103 1464 visus
1127 1410 1269 1482 punctus
1286 1423 1309 1465 e.
1365 1429 1368 1436 ’

233 1511 404 1575 videbitur
425 1515 507 1592 ergo'
518 1511 626 1574 forma
641 1517 836 1592 punctorum
853 1531 886 1585 o,
901 1529 920 1588 9
936 1511 975 1573 de
993 1510 1046 1572 his
1065 1511 1193 1574 duabus
1211 1511 1310 1574 lineis

234 1619 268 1683 in
292 1620 373 1702 ipsis
395 1621 527 1702 punctis
541 1641 584 1702 vo,
599 1640 632 1700 9,
657 1627 689 1684 et
710 1621 877 1683 videbitur
898 1620 1006 1682 forma
1027 1627 1227 1700 punctorum
1242 1623 1312 1696 adt

233 1737 319 1796 retro
334 1730 520 1812 speculum,
535 1751 554 1793 z
569 1731 704 1811 quidem
718 1732 753 1792 in
769 1737 890 1812 puncto
905 1730 932 1803 k,
945 1732 966 1793 t
980 1737 1091 1794 autem
1104 1732 1138 1792 iu
1153 1739 1275 1812 puncto
1289 1735 1309 1794 l.

234 1841 501 1910 Demonstratum
525 1847 573 1904 est
594 1842 702 1915 enim,
725 1841 815 1921 quod
838 1859 964 1914 rerum,
988 1859 1140 1920 quarum·
1154 1842 1310 1904 distantia

234 1951 274 2014 ah
297 1952 414 2016 eodem
436 1950 510 2013 visu
532 1951 640 2015 maior
662 1958 721 2025 est,
744 1951 898 2013 distantia
914 1951 1027 2031 utique
1046 1952 1228 2014 formarum
1247 1954 1311 2015 erit

219 2059 367 2138 'maior;.
377 2060 533 2124 distantia
549 2069 660 2124 autem
672 2064 694 2124 t
708 2079 727 2124 a
741 2063 816 2124 visu
830 2080 854 2134 e,
871 2067 1002 2140 accepta
1015 2062 1050 2122 in
1064 2062 1157 2124 radio
1170 2063 1310 2124 retracto

234 2190 253 2234 a
266 2176 388 2252 puncto
404 2172 431 2245 b,
446 2171 553 2236 maior
567 2178 616 2235 est
631 2189 732 2251 quam
747 2171 904 2234 distantia
918 2191 936 2232 z
953 2171 993 2234 ab
1009 2170 1078 2240 illo.
1095 2179 1127 2234 et
1141 2177 1283 2251 punctus
1299 2174 1310 2233 l

233 2281 391 2346 remotior
412 2287 462 2344 est
483 2299 583 2360 quam
605 2287 747 2361 punctus
770 2282 802 2355 t,
826 2263 858 2344 et
879 2280 1012 2360 utrique
1034 2281 1070 2342 hi
1095 2281 1208 2361 puncti
1227 2289 1306 2344 sunt

237 2407 340 2470 super
360 2391 513 2456 formam.
535 2393 653 2454 Forma
675 2409 751 2469 ergo
774 2391 882 2454 lineae
899 2389 1128 2469 atq-videbitur
1150 2407 1250 2470 snper
1270 2390 1310 2452 li·

237 2518 345 2574 ncam,
362 2518 447 2580 quae
462 2501 580 2563 transit
594 2518 653 2581 per
666 2508 804 2580 punctos
819 2500 902 2579 91ε9;
920 2500 1026 2563 forma
1042 2507 1151 2562 autem
1168 2500 1310 2564 circum-

235 2610 392 2674 terentiae
419 2611 487 2689 cito
519 2609 686 2674 videbitur
714 2627 814 2692 super
846 2611 969 2673 lineam
998 2616 1225 2674 transeuntem
1252 2629 1311 2691 per

238 2726 377 2800 punctos
392 2723 460 2798 919.
476 2720 664 2782 Concavitas
680 2739 812 2801 qnoque
832 2719 1117 2783 circumferentiae
1135 2722 1177 2782 cb
1183 2722 1202 2798 9
1219 2720 1311 2782 vide·

238 2829 327 2892 bitur
347 2847 462 2894 versus
485 2829 595 2892 visum
616 2851 644 2903 e,
680 2830 788 2893 lineae
814 2830 927 2910 itaque
951 2848 1035 2909 quae
1058 2837 1232 2892 transeunt
1254 2850 1312 2911 per

238 2945 378 3020 punctos
400 2939 483 3018 ciro,
504 2942 563 3018 oto
583 2939 757 3002 habebunt
778 2940 941 3002 maiorem
955 2940 1192 3002 concavitatem
1211 2957 1310 3020 quam

236 3049 309 3124 illa,
332 3049 490 3130 quoniam
512 3051 681 3131 proportio
703 3050 787 3112 radii
811 3050 891 3112 recti
914 3049 1061 3112 cadentis
1080 3067 1179 3130 super
1196 3068 1252 3113 eas
1270 3052 1312 3114 ad

238 3159 346 3223 radios
374 3159 528 3240 obliquos
554 3159 662 3223 maior
684 3166 742 3223 est.
778 3158 1009 3222 Universaliter
1041 3165 1152 3230 autem
1184 3161 1311 3224 formae

238 3285 349 3334 rerum
371 3275 536 3333 rectarum
560 3276 592 3337 et
615 3287 834 3333 concavarum
855 3269 1011 3332 videntur
1033 3285 1206 3332 concavae.

280 3378 405 3442 Rursus
432 3380 638 3443 describatur
658 3379 927 3442 circumferentia
949 3396 1048 3441 curva
1069 3380 1233 3442 transiens
1255 3399 1314 3462 per

238 3494 399 3569 punctum
421 3490 437 3550 b
462 3489 534 3568 9995
550 3489 629 3563 ott),
652 3499 788 3570 tangens
816 3487 990 3570 speculum
1018 3497 1050 3553 et
1077 3490 1312 3553 circumforan·

240 3599 320 3662 tiam
342 3600 429 3677 aba,
453 3606 485 3662 et
506 3600 653 3674 citata,
682 3606 715 3663 et
736 3601 962 3681 producantur
982 3600 1089 3664 lineae
1111 3602 1200 3675 deit,
1221 3601 1311 3675 datr,

240 3714 273 3772 et
293 3703 336 3770 ait
356 3711 395 3772 de
423 3715 455 3774 et
484 3710 529 3772 dr
557 3710 664 3773 maior
687 3729 787 3790 quam
810 3730 848 3773 eo
877 3716 910 3773 et
937 3729 1001 3788 29,
1030 3719 1061 3774 et
1091 3717 1234 3773 transeat
1255 3729 1314 3791 per

239 3823 399 3900 punctum
422 3820 438 3880 b
460 3819 551 3884 linea
572 3826 709 3899 tangens
733 3821 912 3895 circulum,
935 3827 967 3884 et
989 3821 1032 3883 sit
1054 3822 1133 3883 lbm.
1153 3820 1313 3883 Possihiie

241 3931 389 4008 astorgo
411 3927 552 3992 formam
575 3945 614 3992 ez
636 3929 738 3991 videri
763 3930 962 4010 quandoque
985 3929 1114 4003 interl,
1136 3949 1156 3991 a
1178 3936 1209 3992 et
1230 3929 1314 3993 inter
1356 4006 1362 4017 ,

239 4055 285 4110 m,
305 4056 324 4116 9
347 4045 379 4102 et
401 4040 601 4119 quandoque
617 4025 718 4120 super
735 4047 873 4119 punctos
888 4043 922 4114 t,
939 4060 988 4116 m,
1011 4041 1212 4120 quandoque
1235 4058 1313 4102 vero

241 4153 330 4210 extm
350 4155 491 4231 punctos
508 4151 533 4224 l,
547 4167 593 4225 m,
616 4149 704 4213 velut
721 4155 861 4232 punctos
876 4152 912 4224 Ιι,
932 4151 965 4225 t,
990 4151 1175 4215 seeundum
1192 4150 1314 4214 distan-
