<?xml version="1.0" encoding="UTF-8"?>
<!DOCTYPE html PUBLIC "-//W3C//DTD XHTML 1.0 Transitional//EN"
    "http://www.w3.org/TR/xhtml1/DTD/xhtml1-transitional.dtd">
<html xmlns="http://www.w3.org/1999/xhtml" xml:lang="en" lang="en">
 <head>
  <title>
</title>
<meta http-equiv="Content-Type" content="text/html;charset=utf-8" />
  <meta name='ocr-system' content='tesseract 3.04.00' />
  <meta name='ocr-capabilities' content='ocr_page ocr_carea ocr_par ocr_line ocrx_word'/>
</head>
<body>
  <div class='ocr_page' id='page_1' title='image "./lotticadiclaudi01eugegoog_0127.png"; bbox 0 0 3550 5452; ppageno 0'>
   <div class='ocr_carea' id='block_1_1' title="bbox 418 601 1500 796">
    <p class='ocr_par' dir='ltr' id='par_1_1' title="bbox 418 601 1500 796">
     <span class='ocr_line' id='line_1_1' title="bbox 424 601 464 668; baseline 0 0"><span class='ocrx_word' id='word_1_1' title='bbox 424 601 464 668; x_wconf 83' lang='lat'>68</span> 
     </span>
     <span class='ocr_line' id='line_1_2' title="bbox 418 713 1500 796; baseline 0.002 -16"><span class='ocrx_word' id='word_1_2' title='bbox 418 716 512 790; x_wconf 88' lang='lat' dir='ltr'>cidit,</span> <span class='ocrx_word' id='word_1_3' title='bbox 535 713 627 778; x_wconf 84' lang='lat' dir='ltr'>valde</span> <span class='ocrx_word' id='word_1_4' title='bbox 649 714 686 777; x_wconf 87' lang='lat' dir='ltr'>fit</span> <span class='ocrx_word' id='word_1_5' title='bbox 708 731 850 794; x_wconf 84' lang='lat' dir='ltr'>magnus</span> <span class='ocrx_word' id='word_1_6' title='bbox 869 714 907 776; x_wconf 89' lang='lat' dir='ltr'>in</span> <span class='ocrx_word' id='word_1_7' title='bbox 928 715 1059 778; x_wconf 85' lang='lat' dir='ltr'>actibus</span> <span class='ocrx_word' id='word_1_8' title='bbox 1082 716 1140 794; x_wconf 81' lang='lat' dir='ltr'>qui</span> <span class='ocrx_word' id='word_1_9' title='bbox 1163 723 1244 778; x_wconf 80' lang='lat' dir='ltr'>sunt</span> <span class='ocrx_word' id='word_1_10' title='bbox 1266 725 1368 796; x_wconf 75' lang='lat' dir='ltr'>penes</span> <span class='ocrx_word' id='word_1_11' title='bbox 1390 733 1500 784; x_wconf 85' lang='lat' dir='ltr'>rever·</span> 
     </span>
    </p>
   </div>
   <div class='ocr_carea' id='block_1_2' title="bbox 315 825 1498 909">
    <p class='ocr_par' dir='ltr' id='par_1_2' title="bbox 315 825 1498 909">
     <span class='ocr_line' id='line_1_3' title="bbox 315 825 1498 909; baseline -0.001 -16"><span class='ocrx_word' id='word_1_12' title='bbox 315 895 320 904; x_wconf 71' lang='grc'>,</span> <span class='ocrx_word' id='word_1_13' title='bbox 418 825 640 890; x_wconf 82' lang='lat' dir='ltr'>iterationem.</span> <span class='ocrx_word' id='word_1_14' title='bbox 662 825 818 906; x_wconf 83' lang='lat' dir='ltr'>Sequitur</span> <span class='ocrx_word' id='word_1_15' title='bbox 839 831 952 888; x_wconf 83' lang='lat' dir='ltr'>eutem</span> <span class='ocrx_word' id='word_1_16' title='bbox 966 825 1046 900; x_wconf 89' lang='lat' dir='ltr'>hoc,</span> <span class='ocrx_word' id='word_1_17' title='bbox 1060 832 1098 888; x_wconf 98' lang='grc' dir='ltr'>ιιι</span> <span class='ocrx_word' id='word_1_18' title='bbox 1112 827 1221 889; x_wconf 88' lang='lat' dir='ltr'>omnis</span> <span class='ocrx_word' id='word_1_19' title='bbox 1236 825 1423 904; x_wconf 63' lang='lat' dir='ltr'>inculinus,</span> <span class='ocrx_word' id='word_1_20' title='bbox 1438 831 1498 909; x_wconf 87' lang='lat' dir='ltr'>qui</span> 
     </span>
    </p>
   </div>
   <div class='ocr_carea' id='block_1_3' title="bbox 417 935 1504 4194">
    <p class='ocr_par' dir='ltr' id='par_1_3' title="bbox 417 935 1504 4194">
     <span class='ocr_line' id='line_1_4' title="bbox 418 935 1494 1016; baseline 0.002 -18"><span class='ocrx_word' id='word_1_21' title='bbox 418 935 456 998; x_wconf 88' lang='lat' dir='ltr'>fit</span> <span class='ocrx_word' id='word_1_22' title='bbox 474 936 513 999; x_wconf 87' lang='lat' dir='ltr'>ab</span> <span class='ocrx_word' id='word_1_23' title='bbox 529 935 685 1000; x_wconf 87' lang='lat' dir='ltr'>omnibus</span> <span class='ocrx_word' id='word_1_24' title='bbox 698 935 802 999; x_wconf 88' lang='lat' dir='ltr'>rebus</span> <span class='ocrx_word' id='word_1_25' title='bbox 815 952 900 1016; x_wconf 83' lang='lat' dir='ltr'>quae</span> <span class='ocrx_word' id='word_1_26' title='bbox 915 941 1102 1010; x_wconf 76' lang='lat' dir='ltr'>merentur,</span> <span class='ocrx_word' id='word_1_27' title='bbox 1117 935 1320 1012; x_wconf 70' lang='lat' dir='ltr'>decentior,</span> <span class='ocrx_word' id='word_1_28' title='bbox 1336 955 1414 1000; x_wconf 91' lang='lat' dir='ltr'>cum</span> <span class='ocrx_word' id='word_1_29' title='bbox 1426 955 1494 1000; x_wconf 90' lang='lat' dir='ltr'>non</span> 
     </span>
     <span class='ocr_line' id='line_1_5' title="bbox 419 1043 1498 1124; baseline 0.002 -16"><span class='ocrx_word' id='word_1_30' title='bbox 419 1045 517 1108; x_wconf 82' lang='lat' dir='ltr'>inerit</span> <span class='ocrx_word' id='word_1_31' title='bbox 531 1045 717 1108; x_wconf 88' lang='lat' dir='ltr'>secundum</span> <span class='ocrx_word' id='word_1_32' title='bbox 734 1045 905 1124; x_wconf 87' lang='lat' dir='ltr'>preprium</span> <span class='ocrx_word' id='word_1_33' title='bbox 918 1043 1118 1124; x_wconf 87' lang='lat' dir='ltr'>principium</span> <span class='ocrx_word' id='word_1_34' title='bbox 1134 1043 1223 1121; x_wconf 83' lang='lat' dir='ltr'>eius,</span> <span class='ocrx_word' id='word_1_35' title='bbox 1241 1045 1300 1108; x_wconf 90' lang='lat' dir='ltr'>sed</span> <span class='ocrx_word' id='word_1_36' title='bbox 1315 1044 1381 1108; x_wconf 89' lang='lat' dir='ltr'>alie</span> <span class='ocrx_word' id='word_1_37' title='bbox 1396 1048 1498 1110; x_wconf 88' lang='lat' dir='ltr'>mede</span> 
     </span>
     <span class='ocr_line' id='line_1_6' title="bbox 420 1151 1498 1249; baseline 0 -31"><span class='ocrx_word' id='word_1_38' title='bbox 420 1155 590 1233; x_wconf 81' lang='lat' dir='ltr'>acciderit,</span> <span class='ocrx_word' id='word_1_39' title='bbox 611 1153 671 1216; x_wconf 93' lang='lat' dir='ltr'>illo</span> <span class='ocrx_word' id='word_1_40' title='bbox 693 1151 866 1228; x_wconf 67' lang='lat' dir='ltr'>videlicet,</span> <span class='ocrx_word' id='word_1_41' title='bbox 885 1155 943 1232; x_wconf 73' lang='lat' dir='ltr'>qni</span> <span class='ocrx_word' id='word_1_42' title='bbox 967 1152 1078 1234; x_wconf 83' lang='lat' dir='ltr'>prime</span> <span class='ocrx_word' id='word_1_43' title='bbox 1095 1153 1268 1233; x_wconf 77' lang='lat' dir='ltr'><strong>prohibuit</strong></span> <span class='ocrx_word' id='word_1_44' title='bbox 1289 1156 1498 1249; x_wconf 76' lang='lat' dir='ltr'>ceniunctie-</span> 
     </span>
     <span class='ocr_line' id='line_1_7' title="bbox 419 1262 1496 1344; baseline 0.001 -18"><span class='ocrx_word' id='word_1_45' title='bbox 419 1281 498 1327; x_wconf 90' lang='lat' dir='ltr'>nem</span> <span class='ocrx_word' id='word_1_46' title='bbox 520 1263 592 1326; x_wconf 89' lang='lat' dir='ltr'>eins</span> <span class='ocrx_word' id='word_1_47' title='bbox 606 1279 685 1326; x_wconf 88' lang='lat' dir='ltr'>cum</span> <span class='ocrx_word' id='word_1_48' title='bbox 698 1263 798 1326; x_wconf 88' lang='lat' dir='ltr'>rebus</span> <span class='ocrx_word' id='word_1_49' title='bbox 812 1262 980 1325; x_wconf 59' lang='lat' dir='ltr'>schisma.</span> <span class='ocrx_word' id='word_1_50' title='bbox 996 1264 1208 1344; x_wconf 81' lang='lat' dir='ltr'>Apparebunt</span> <span class='ocrx_word' id='word_1_51' title='bbox 1224 1264 1327 1327; x_wconf 87' lang='lat' dir='ltr'>eliam</span> <span class='ocrx_word' id='word_1_52' title='bbox 1339 1263 1424 1327; x_wconf 88' lang='lat' dir='ltr'>haec</span> <span class='ocrx_word' id='word_1_53' title='bbox 1439 1265 1496 1328; x_wconf 89' lang='lat' dir='ltr'>in-</span> 
     </span>
     <span class='ocr_line' id='line_1_8' title="bbox 418 1371 1496 1456; baseline 0.003 -19"><span class='ocrx_word' id='word_1_54' title='bbox 418 1373 608 1438; x_wconf 81' lang='lat' dir='ltr'>visibilibus</span> <span class='ocrx_word' id='word_1_55' title='bbox 625 1373 741 1447; x_wconf 88' lang='lat' dir='ltr'>radiis,</span> <span class='ocrx_word' id='word_1_56' title='bbox 757 1390 835 1436; x_wconf 90' lang='lat' dir='ltr'>eum</span> <span class='ocrx_word' id='word_1_57' title='bbox 852 1373 977 1454; x_wconf 86' lang='lat' dir='ltr'>positi-e</span> <span class='ocrx_word' id='word_1_58' title='bbox 992 1371 1204 1452; x_wconf 82' lang='lat' dir='ltr'>speculorum</span> <span class='ocrx_word' id='word_1_59' title='bbox 1220 1381 1393 1450; x_wconf 78' lang='lat' dir='ltr'>sirenum,</span> <span class='ocrx_word' id='word_1_60' title='bbox 1411 1393 1496 1456; x_wconf 87' lang='lat' dir='ltr'>quae</span> 
     </span>
     <span class='ocr_line' id='line_1_9' title="bbox 417 1483 1500 1566; baseline 0.002 -20"><span class='ocrx_word' id='word_1_61' title='bbox 417 1501 520 1566; x_wconf 84' lang='lat' dir='ltr'>penes</span> <span class='ocrx_word' id='word_1_62' title='bbox 544 1483 779 1558; x_wconf 74' lang='lat' dir='ltr'>caridemus,</span> <span class='ocrx_word' id='word_1_63' title='bbox 801 1483 849 1545; x_wconf 86' lang='lat' dir='ltr'>ita</span> <span class='ocrx_word' id='word_1_64' title='bbox 874 1483 1144 1558; x_wconf 51' lang='lat' dir='ltr'>constituenturr</span> <span class='ocrx_word' id='word_1_65' title='bbox 1164 1488 1202 1545; x_wconf 89' lang='lat' dir='ltr'>nt</span> <span class='ocrx_word' id='word_1_66' title='bbox 1222 1501 1297 1564; x_wconf 82' lang='lat' dir='ltr'>pare</span> <span class='ocrx_word' id='word_1_67' title='bbox 1326 1484 1500 1548; x_wconf 79' lang='lat' dir='ltr'>radiorum</span> 
     </span>
     <span class='ocr_line' id='line_1_10' title="bbox 419 1590 1495 1674; baseline 0 -18"><span class='ocrx_word' id='word_1_68' title='bbox 419 1594 514 1656; x_wconf 82' lang='lat' dir='ltr'>cedat</span> <span class='ocrx_word' id='word_1_69' title='bbox 535 1611 636 1674; x_wconf 86' lang='lat' dir='ltr'>super</span> <span class='ocrx_word' id='word_1_70' title='bbox 656 1610 708 1656; x_wconf 87' lang='lat' dir='ltr'>res</span> <span class='ocrx_word' id='word_1_71' title='bbox 731 1609 816 1672; x_wconf 81' lang='lat' dir='ltr'>quae</span> <span class='ocrx_word' id='word_1_72' title='bbox 839 1599 998 1673; x_wconf 75' lang='lat' dir='ltr'>apparent</span> <span class='ocrx_word' id='word_1_73' title='bbox 1019 1592 1092 1654; x_wconf 80' lang='lat' dir='ltr'>eine</span> <span class='ocrx_word' id='word_1_74' title='bbox 1106 1590 1388 1670; x_wconf 81' lang='lat' dir='ltr'>reverberatione3</span> <span class='ocrx_word' id='word_1_75' title='bbox 1411 1594 1495 1656; x_wconf 88' lang='lat' dir='ltr'>radii</span> 
     </span>
     <span class='ocr_line' id='line_1_11' title="bbox 421 1700 1503 1790; baseline 0.001 -25"><span class='ocrx_word' id='word_1_76' title='bbox 421 1710 532 1766; x_wconf 80' lang='lat' dir='ltr'>autern</span> <span class='ocrx_word' id='word_1_77' title='bbox 555 1702 614 1784; x_wconf 88' lang='lat' dir='ltr'>qui</span> <span class='ocrx_word' id='word_1_78' title='bbox 637 1721 656 1766; x_wconf 86' lang='lat' dir='ltr'>a</span> <span class='ocrx_word' id='word_1_79' title='bbox 676 1700 824 1782; x_wconf 81' lang='lat' dir='ltr'>speculis</span> <span class='ocrx_word' id='word_1_80' title='bbox 845 1707 938 1776; x_wconf 87' lang='lat' dir='ltr'>sunt,</span> <span class='ocrx_word' id='word_1_81' title='bbox 960 1701 1028 1764; x_wconf 86' lang='lat' dir='ltr'>sint</span> <span class='ocrx_word' id='word_1_82' title='bbox 1040 1701 1190 1778; x_wconf 80' lang='lat' dir='ltr'>refracti,</span> <span class='ocrx_word' id='word_1_83' title='bbox 1210 1709 1243 1766; x_wconf 87' lang='lat' dir='ltr'>et</span> <span class='ocrx_word' id='word_1_84' title='bbox 1264 1703 1503 1790; x_wconf 81' lang='lat' dir='ltr'>utrumqueiu</span> 
     </span>
     <span class='ocr_line' id='line_1_12' title="bbox 421 1810 1500 1892; baseline 0.002 -18"><span class='ocrx_word' id='word_1_85' title='bbox 421 1810 524 1875; x_wconf 87' lang='lat' dir='ltr'>simul</span> <span class='ocrx_word' id='word_1_86' title='bbox 544 1812 603 1875; x_wconf 86' lang='lat' dir='ltr'>fiet</span> <span class='ocrx_word' id='word_1_87' title='bbox 623 1813 661 1873; x_wconf 91' lang='lat' dir='ltr'>in</span> <span class='ocrx_word' id='word_1_88' title='bbox 683 1812 800 1874; x_wconf 88' lang='lat' dir='ltr'>eodem</span> <span class='ocrx_word' id='word_1_89' title='bbox 822 1818 981 1892; x_wconf 88' lang='lat' dir='ltr'>tempere.</span> <span class='ocrx_word' id='word_1_90' title='bbox 1001 1811 1093 1874; x_wconf 82' lang='lat' dir='ltr'>Tunc</span> <span class='ocrx_word' id='word_1_91' title='bbox 1108 1811 1199 1875; x_wconf 85' lang='lat' dir='ltr'>enirn</span> <span class='ocrx_word' id='word_1_92' title='bbox 1214 1827 1292 1876; x_wconf 82' lang='lat' dir='ltr'>curn</span> <span class='ocrx_word' id='word_1_93' title='bbox 1306 1819 1375 1876; x_wconf 82' lang='lat' dir='ltr'>tcta</span> <span class='ocrx_word' id='word_1_94' title='bbox 1391 1813 1500 1876; x_wconf 86' lang='lat' dir='ltr'>ferme</span> 
     </span>
     <span class='ocr_line' id='line_1_13' title="bbox 420 1918 1498 2004; baseline 0.004 -21"><span class='ocrx_word' id='word_1_95' title='bbox 420 1918 521 1986; x_wconf 83' lang='lat' dir='ltr'>inerit</span> <span class='ocrx_word' id='word_1_96' title='bbox 534 1929 730 2004; x_wconf 83' lang='lat' dir='ltr'>congregata</span> <span class='ocrx_word' id='word_1_97' title='bbox 745 1929 777 1986; x_wconf 90' lang='lat' dir='ltr'>et</span> <span class='ocrx_word' id='word_1_98' title='bbox 791 1923 977 2004; x_wconf 83' lang='lat' dir='ltr'>propinqua</span> <span class='ocrx_word' id='word_1_99' title='bbox 990 1921 1026 1984; x_wconf 90' lang='lat' dir='ltr'>in</span> <span class='ocrx_word' id='word_1_100' title='bbox 1042 1920 1219 2001; x_wconf 86' lang='lat' dir='ltr'>positione,</span> <span class='ocrx_word' id='word_1_101' title='bbox 1233 1923 1353 1986; x_wconf 85' lang='lat' dir='ltr'>accidil</span> <span class='ocrx_word' id='word_1_102' title='bbox 1371 1923 1498 1988; x_wconf 81' lang='lat' dir='ltr'>sermea</span> 
     </span>
     <span class='ocr_line' id='line_1_14' title="bbox 423 2031 1501 2112; baseline 0.002 -18"><span class='ocrx_word' id='word_1_103' title='bbox 423 2051 536 2096; x_wconf 85' lang='lat' dir='ltr'>rerum</span> <span class='ocrx_word' id='word_1_104' title='bbox 558 2050 643 2112; x_wconf 88' lang='lat' dir='ltr'>quae</span> <span class='ocrx_word' id='word_1_105' title='bbox 664 2039 759 2095; x_wconf 85' lang='lat' dir='ltr'>recte</span> <span class='ocrx_word' id='word_1_106' title='bbox 776 2032 938 2107; x_wconf 87' lang='lat' dir='ltr'>videntur,</span> <span class='ocrx_word' id='word_1_107' title='bbox 961 2049 1034 2095; x_wconf 88' lang='lat' dir='ltr'>esse</span> <span class='ocrx_word' id='word_1_108' title='bbox 1056 2031 1163 2111; x_wconf 85' lang='lat' dir='ltr'>multo</span> <span class='ocrx_word' id='word_1_109' title='bbox 1185 2033 1291 2112; x_wconf 84' lang='lat' dir='ltr'>magis</span> <span class='ocrx_word' id='word_1_110' title='bbox 1306 2033 1452 2098; x_wconf 83' lang='lat' dir='ltr'>occultae</span> <span class='ocrx_word' id='word_1_111' title='bbox 1468 2041 1501 2098; x_wconf 91' lang='lat' dir='ltr'>et</span> 
     </span>
     <span class='ocr_line' id='line_1_15' title="bbox 421 2141 1501 2222; baseline 0.001 -16"><span class='ocrx_word' id='word_1_112' title='bbox 421 2145 532 2206; x_wconf 87' lang='lat' dir='ltr'>minus</span> <span class='ocrx_word' id='word_1_113' title='bbox 553 2143 756 2206; x_wconf 74' lang='lat' dir='ltr'>manifestes.</span> <span class='ocrx_word' id='word_1_114' title='bbox 779 2142 859 2206; x_wconf 80' lang='lat' dir='ltr'>llum</span> <span class='ocrx_word' id='word_1_115' title='bbox 881 2142 983 2222; x_wconf 84' lang='lat' dir='ltr'>igitur</span> <span class='ocrx_word' id='word_1_116' title='bbox 1003 2143 1151 2205; x_wconf 79' lang='lat' dir='ltr'>minutis</span> <span class='ocrx_word' id='word_1_117' title='bbox 1171 2141 1290 2208; x_wconf 85' lang='lat' dir='ltr'>debeat</span> <span class='ocrx_word' id='word_1_118' title='bbox 1305 2161 1377 2208; x_wconf 86' lang='lat' dir='ltr'>esse</span> <span class='ocrx_word' id='word_1_119' title='bbox 1393 2145 1501 2208; x_wconf 88' lang='lat' dir='ltr'>consi·</span> 
     </span>
     <span class='ocr_line' id='line_1_16' title="bbox 422 2252 1502 2336; baseline 0.001 -19"><span class='ocrx_word' id='word_1_120' title='bbox 422 2252 513 2317; x_wconf 85' lang='lat' dir='ltr'>milis</span> <span class='ocrx_word' id='word_1_121' title='bbox 527 2255 563 2316; x_wconf 90' lang='lat' dir='ltr'>in</span> <span class='ocrx_word' id='word_1_122' title='bbox 580 2253 745 2316; x_wconf 89' lang='lat' dir='ltr'>universis</span> <span class='ocrx_word' id='word_1_123' title='bbox 759 2252 861 2315; x_wconf 89' lang='lat' dir='ltr'>rebus</span> <span class='ocrx_word' id='word_1_124' title='bbox 878 2252 960 2314; x_wconf 87' lang='lat' dir='ltr'>etin</span> <span class='ocrx_word' id='word_1_125' title='bbox 980 2252 1145 2316; x_wconf 73' lang='lat' dir='ltr'>distantiis</span> <span class='ocrx_word' id='word_1_126' title='bbox 1159 2253 1286 2318; x_wconf 84' lang='lat' dir='ltr'>formae</span> <span class='ocrx_word' id='word_1_127' title='bbox 1302 2271 1386 2334; x_wconf 86' lang='lat' dir='ltr'>qnae</span> <span class='ocrx_word' id='word_1_128' title='bbox 1403 2265 1502 2336; x_wconf 84' lang='lat' dir='ltr'>eppa·</span> 
     </span>
     <span class='ocr_line' id='line_1_17' title="bbox 421 2362 1498 2444; baseline 0 -17"><span class='ocrx_word' id='word_1_129' title='bbox 421 2372 483 2439; x_wconf 81' lang='lat' dir='ltr'>ret,</span> <span class='ocrx_word' id='word_1_130' title='bbox 493 2369 622 2444; x_wconf 88' lang='lat' dir='ltr'>opertet</span> <span class='ocrx_word' id='word_1_131' title='bbox 636 2363 745 2425; x_wconf 90' lang='lat' dir='ltr'>inesse</span> <span class='ocrx_word' id='word_1_132' title='bbox 761 2363 809 2426; x_wconf 88' lang='lat' dir='ltr'>eis</span> <span class='ocrx_word' id='word_1_133' title='bbox 825 2362 954 2444; x_wconf 80' lang='lat' dir='ltr'>aliquid</span> <span class='ocrx_word' id='word_1_134' title='bbox 967 2364 1008 2426; x_wconf 90' lang='lat' dir='ltr'>de</span> <span class='ocrx_word' id='word_1_135' title='bbox 1024 2363 1273 2440; x_wconf 86' lang='lat' dir='ltr'>coniunctione,</span> <span class='ocrx_word' id='word_1_136' title='bbox 1283 2378 1360 2427; x_wconf 85' lang='lat' dir='ltr'>curn</span> <span class='ocrx_word' id='word_1_137' title='bbox 1375 2365 1498 2428; x_wconf 85' lang='lat' dir='ltr'>fuerint</span> 
     </span>
     <span class='ocr_line' id='line_1_18' title="bbox 424 2472 1502 2552; baseline 0.004 -17"><span class='ocrx_word' id='word_1_138' title='bbox 424 2473 571 2536; x_wconf 87' lang='lat' dir='ltr'>diversae</span> <span class='ocrx_word' id='word_1_139' title='bbox 593 2473 796 2552; x_wconf 83' lang='lat' dir='ltr'>quantitatis.</span> <span class='ocrx_word' id='word_1_140' title='bbox 819 2472 858 2536; x_wconf 93' lang='lat' dir='ltr'>In</span> <span class='ocrx_word' id='word_1_141' title='bbox 880 2473 988 2536; x_wconf 79' lang='lat' dir='ltr'>ferma</span> <span class='ocrx_word' id='word_1_142' title='bbox 1005 2473 1141 2552; x_wconf 87' lang='lat' dir='ltr'>quidem</span> <span class='ocrx_word' id='word_1_143' title='bbox 1156 2474 1328 2538; x_wconf 85' lang='lat' dir='ltr'>communi</span> <span class='ocrx_word' id='word_1_144' title='bbox 1344 2475 1502 2539; x_wconf 84' lang='lat' dir='ltr'>omnihus</span> 
     </span>
     <span class='ocr_line' id='line_1_19' title="bbox 423 2559 1501 2666; baseline 0.003 -20"><span class='ocrx_word' id='word_1_145' title='bbox 423 2583 568 2663; x_wconf 73' lang='lat' dir='ltr'>speculis</span> <span class='ocrx_word' id='word_1_146' title='bbox 589 2582 627 2644; x_wconf 89' lang='lat' dir='ltr'>fit</span> <span class='ocrx_word' id='word_1_147' title='bbox 642 2601 679 2646; x_wconf 85' lang='lat' dir='ltr'>ex</span> <span class='ocrx_word' id='word_1_148' title='bbox 694 2583 860 2663; x_wconf 83' lang='lat' dir='ltr'>praedicta</span> <span class='ocrx_word' id='word_1_149' title='bbox 874 2582 1055 2658; x_wconf 87' lang='lat' dir='ltr'>debilitate,</span> <span class='ocrx_word' id='word_1_150' title='bbox 1077 2599 1163 2662; x_wconf 82' lang='lat' dir='ltr'>qnae</span> <span class='ocrx_word' id='word_1_151' title='bbox 1179 2559 1289 2646; x_wconf 78' lang='lat' dir='ltr'>existit</span> <span class='ocrx_word' id='word_1_152' title='bbox 1304 2584 1345 2648; x_wconf 86' lang='lat' dir='ltr'>ab</span> <span class='ocrx_word' id='word_1_153' title='bbox 1360 2584 1432 2666; x_wconf 88' lang='lat' dir='ltr'>ipsa</span> <span class='ocrx_word' id='word_1_154' title='bbox 1448 2602 1501 2649; x_wconf 87' lang='lat' dir='ltr'>re-</span> 
     </span>
     <span class='ocr_line' id='line_1_20' title="bbox 421 2691 1499 2775; baseline 0.001 -19"><span class='ocrx_word' id='word_1_155' title='bbox 421 2693 660 2769; x_wconf 80' lang='lat' dir='ltr'>verberatione3</span> <span class='ocrx_word' id='word_1_156' title='bbox 676 2692 712 2754; x_wconf 87' lang='lat' dir='ltr'>in</span> <span class='ocrx_word' id='word_1_157' title='bbox 726 2693 833 2755; x_wconf 84' lang='lat' dir='ltr'>ferme</span> <span class='ocrx_word' id='word_1_158' title='bbox 846 2698 959 2755; x_wconf 84' lang='lat' dir='ltr'>autem</span> <span class='ocrx_word' id='word_1_159' title='bbox 973 2708 1057 2771; x_wconf 84' lang='lat' dir='ltr'>quae</span> <span class='ocrx_word' id='word_1_160' title='bbox 1074 2691 1173 2755; x_wconf 86' lang='lat' dir='ltr'>estin</span> <span class='ocrx_word' id='word_1_161' title='bbox 1188 2709 1334 2758; x_wconf 84' lang='lat' dir='ltr'>concavo</span> <span class='ocrx_word' id='word_1_162' title='bbox 1349 2692 1499 2775; x_wconf 82' lang='lat' dir='ltr'>speculo,</span> 
     </span>
     <span class='ocr_line' id='line_1_21' title="bbox 422 2801 1502 2883; baseline 0.002 -17"><span class='ocrx_word' id='word_1_163' title='bbox 422 2801 460 2866; x_wconf 82' lang='lat' dir='ltr'>nt</span> <span class='ocrx_word' id='word_1_164' title='bbox 481 2820 521 2865; x_wconf 85' lang='lat' dir='ltr'>ex</span> <span class='ocrx_word' id='word_1_165' title='bbox 542 2801 700 2883; x_wconf 74' lang='lat' dir='ltr'>qualitate</span> <span class='ocrx_word' id='word_1_166' title='bbox 716 2801 1005 2877; x_wconf 80' lang='lat' dir='ltr'>reverberationis,</span> <span class='ocrx_word' id='word_1_167' title='bbox 1025 2809 1058 2864; x_wconf 89' lang='lat' dir='ltr'>et</span> <span class='ocrx_word' id='word_1_168' title='bbox 1078 2801 1144 2864; x_wconf 90' lang='lat' dir='ltr'>hee</span> <span class='ocrx_word' id='word_1_169' title='bbox 1158 2802 1196 2865; x_wconf 84' lang='lat' dir='ltr'>fit</span> <span class='ocrx_word' id='word_1_170' title='bbox 1209 2803 1353 2866; x_wconf 84' lang='lat' dir='ltr'>maxime</span> <span class='ocrx_word' id='word_1_171' title='bbox 1369 2804 1502 2868; x_wconf 88' lang='lat' dir='ltr'>duobus</span> 
     </span>
     <span class='ocr_line' id='line_1_22' title="bbox 422 2908 1504 2991; baseline 0.002 -17"><span class='ocrx_word' id='word_1_172' title='bbox 422 2911 547 2991; x_wconf 85' lang='lat' dir='ltr'>medie;</span> <span class='ocrx_word' id='word_1_173' title='bbox 567 2908 669 2974; x_wconf 84' lang='lat' dir='ltr'>altero</span> <span class='ocrx_word' id='word_1_174' title='bbox 690 2909 826 2990; x_wconf 85' lang='lat' dir='ltr'>quidem</span> <span class='ocrx_word' id='word_1_175' title='bbox 854 2927 921 2990; x_wconf 86' lang='lat' dir='ltr'>quo</span> <span class='ocrx_word' id='word_1_176' title='bbox 942 2909 981 2972; x_wconf 80' lang='lat' dir='ltr'>nt</span> <span class='ocrx_word' id='word_1_177' title='bbox 1003 2911 1218 2974; x_wconf 77' lang='lat' dir='ltr'>consistentia</span> <span class='ocrx_word' id='word_1_178' title='bbox 1239 2913 1365 2976; x_wconf 89' lang='lat' dir='ltr'>formae</span> <span class='ocrx_word' id='word_1_179' title='bbox 1392 2913 1504 2978; x_wconf 88' lang='lat' dir='ltr'>maier</span> 
     </span>
     <span class='ocr_line' id='line_1_23' title="bbox 423 3019 1502 3104; baseline 0.001 -20"><span class='ocrx_word' id='word_1_180' title='bbox 423 3037 525 3104; x_wconf 85' lang='lat' dir='ltr'>quam</span> <span class='ocrx_word' id='word_1_181' title='bbox 545 3037 637 3095; x_wconf 82' lang='lat' dir='ltr'>vere,</span> <span class='ocrx_word' id='word_1_182' title='bbox 660 3028 693 3084; x_wconf 86' lang='lat' dir='ltr'>et</span> <span class='ocrx_word' id='word_1_183' title='bbox 714 3019 752 3084; x_wconf 88' lang='lat' dir='ltr'>fit</span> <span class='ocrx_word' id='word_1_184' title='bbox 772 3021 880 3083; x_wconf 88' lang='lat' dir='ltr'>ferme</span> <span class='ocrx_word' id='word_1_185' title='bbox 901 3019 1072 3084; x_wconf 89' lang='lat' dir='ltr'>moderata</span> <span class='ocrx_word' id='word_1_186' title='bbox 1097 3026 1131 3083; x_wconf 92' lang='lat' dir='ltr'>et</span> <span class='ocrx_word' id='word_1_187' title='bbox 1156 3022 1261 3101; x_wconf 83' lang='lat' dir='ltr'>magis</span> <span class='ocrx_word' id='word_1_188' title='bbox 1283 3029 1502 3102; x_wconf 79' lang='lat' dir='ltr'>congregate,</span> 
     </span>
     <span class='ocr_line' id='line_1_24' title="bbox 423 3128 1502 3216; baseline 0 -21"><span class='ocrx_word' id='word_1_189' title='bbox 423 3149 463 3195; x_wconf 87' lang='lat' dir='ltr'>ec</span> <span class='ocrx_word' id='word_1_190' title='bbox 487 3131 576 3212; x_wconf 85' lang='lat' dir='ltr'>quod</span> <span class='ocrx_word' id='word_1_191' title='bbox 598 3147 675 3194; x_wconf 87' lang='lat' dir='ltr'>cnm</span> <span class='ocrx_word' id='word_1_192' title='bbox 696 3128 981 3212; x_wconf 75' lang='lat' dir='ltr'>perpendicularis</span> <span class='ocrx_word' id='word_1_193' title='bbox 1004 3148 1105 3210; x_wconf 87' lang='lat' dir='ltr'>super</span> <span class='ocrx_word' id='word_1_194' title='bbox 1125 3128 1221 3194; x_wconf 85' lang='lat' dir='ltr'>illam</span> <span class='ocrx_word' id='word_1_195' title='bbox 1242 3131 1344 3216; x_wconf 86' lang='lat' dir='ltr'>fuerit</span> <span class='ocrx_word' id='word_1_196' title='bbox 1371 3132 1502 3212; x_wconf 59' lang='lat' dir='ltr'>posita,&gt;</span> 
     </span>
     <span class='ocr_line' id='line_1_25' title="bbox 422 3240 1501 3305; baseline 0.003 -3"><span class='ocrx_word' id='word_1_197' title='bbox 422 3258 492 3303; x_wconf 91' lang='lat' dir='ltr'>non</span> <span class='ocrx_word' id='word_1_198' title='bbox 520 3241 640 3304; x_wconf 84' lang='lat' dir='ltr'>accidit</span> <span class='ocrx_word' id='word_1_199' title='bbox 667 3248 769 3304; x_wconf 84' lang='lat' dir='ltr'>tetam</span> <span class='ocrx_word' id='word_1_200' title='bbox 797 3240 940 3302; x_wconf 79' lang='lat' dir='ltr'>formem</span> <span class='ocrx_word' id='word_1_201' title='bbox 967 3255 1040 3302; x_wconf 85' lang='lat' dir='ltr'>esse</span> <span class='ocrx_word' id='word_1_202' title='bbox 1068 3240 1252 3302; x_wconf 89' lang='lat' dir='ltr'>seeundum</span> <span class='ocrx_word' id='word_1_203' title='bbox 1284 3240 1501 3305; x_wconf 82' lang='lat' dir='ltr'>directionem</span> 
     </span>
     <span class='ocr_line' id='line_1_26' title="bbox 422 3344 1502 3431; baseline 0.001 -20"><span class='ocrx_word' id='word_1_204' title='bbox 422 3367 518 3413; x_wconf 86' lang='lat' dir='ltr'>verae</span> <span class='ocrx_word' id='word_1_205' title='bbox 539 3350 605 3425; x_wconf 86' lang='lat' dir='ltr'>rei,</span> <span class='ocrx_word' id='word_1_206' title='bbox 629 3350 791 3431; x_wconf 81' lang='lat' dir='ltr'>quoniam</span> <span class='ocrx_word' id='word_1_207' title='bbox 814 3365 900 3430; x_wconf 84' lang='lat' dir='ltr'>quae</span> <span class='ocrx_word' id='word_1_208' title='bbox 915 3349 951 3410; x_wconf 92' lang='lat' dir='ltr'>in</span> <span class='ocrx_word' id='word_1_209' title='bbox 966 3344 1203 3412; x_wconf 88' lang='lat' dir='ltr'>coniunctione</span> <span class='ocrx_word' id='word_1_210' title='bbox 1218 3349 1397 3414; x_wconf 82' lang='lat' dir='ltr'>remotiora</span> <span class='ocrx_word' id='word_1_211' title='bbox 1411 3357 1502 3427; x_wconf 81' lang='lat' dir='ltr'>sunt,</span> 
     </span>
     <span class='ocr_line' id='line_1_27' title="bbox 423 3449 1470 3538; baseline 0 -16"><span class='ocrx_word' id='word_1_212' title='bbox 423 3458 630 3522; x_wconf 86' lang='lat' dir='ltr'>constituunt</span> <span class='ocrx_word' id='word_1_213' title='bbox 652 3457 801 3538; x_wconf 87' lang='lat' dir='ltr'>aliquam</span> <span class='ocrx_word' id='word_1_214' title='bbox 821 3457 1046 3520; x_wconf 74' lang='lat' dir='ltr'>reversionem</span> <span class='ocrx_word' id='word_1_215' title='bbox 1067 3458 1103 3519; x_wconf 90' lang='lat' dir='ltr'>in</span> <span class='ocrx_word' id='word_1_216' title='bbox 1125 3457 1194 3520; x_wconf 86' lang='lat' dir='ltr'>situ</span> <span class='ocrx_word' id='word_1_217' title='bbox 1215 3449 1355 3522; x_wconf 80' lang='lat' dir='ltr'>visibilis</span> <span class='ocrx_word' id='word_1_218' title='bbox 1376 3458 1470 3522; x_wconf 89' lang='lat' dir='ltr'>redii.</span> 
     </span>
     <span class='ocr_line' id='line_1_28' title="bbox 465 3565 1500 3649; baseline 0 -19"><span class='ocrx_word' id='word_1_219' title='bbox 465 3566 575 3630; x_wconf 77' lang='lat' dir='ltr'>Altero</span> <span class='ocrx_word' id='word_1_220' title='bbox 596 3584 674 3630; x_wconf 86' lang='lat' dir='ltr'>vero</span> <span class='ocrx_word' id='word_1_221' title='bbox 697 3567 799 3632; x_wconf 87' lang='lat' dir='ltr'>mede</span> <span class='ocrx_word' id='word_1_222' title='bbox 818 3565 874 3640; x_wconf 69' lang='lat' dir='ltr'>fit„</span> <span class='ocrx_word' id='word_1_223' title='bbox 894 3567 973 3647; x_wconf 84' lang='lat' dir='ltr'>quia</span> <span class='ocrx_word' id='word_1_224' title='bbox 994 3567 1193 3646; x_wconf 85' lang='lat' dir='ltr'>quandoque</span> <span class='ocrx_word' id='word_1_225' title='bbox 1212 3568 1349 3649; x_wconf 88' lang='lat' dir='ltr'>quidem</span> <span class='ocrx_word' id='word_1_226' title='bbox 1367 3565 1500 3643; x_wconf 82' lang='lat' dir='ltr'>accidit,</span> 
     </span>
     <span class='ocr_line' id='line_1_29' title="bbox 423 3675 1501 3759; baseline 0.002 -19"><span class='ocrx_word' id='word_1_227' title='bbox 423 3677 624 3759; x_wconf 88' lang='lat' dir='ltr'>quandoque</span> <span class='ocrx_word' id='word_1_228' title='bbox 646 3693 725 3740; x_wconf 90' lang='lat' dir='ltr'>vero</span> <span class='ocrx_word' id='word_1_229' title='bbox 746 3694 915 3757; x_wconf 84' lang='lat' dir='ltr'>nusquam</span> <span class='ocrx_word' id='word_1_230' title='bbox 937 3675 1108 3756; x_wconf 84' lang='lat' dir='ltr'>contingit,</span> <span class='ocrx_word' id='word_1_231' title='bbox 1131 3685 1169 3739; x_wconf 88' lang='lat' dir='ltr'>ut</span> <span class='ocrx_word' id='word_1_232' title='bbox 1189 3678 1374 3756; x_wconf 82' lang='lat' dir='ltr'>praedictae</span> <span class='ocrx_word' id='word_1_233' title='bbox 1389 3677 1501 3742; x_wconf 86' lang='lat' dir='ltr'>lineae</span> 
     </span>
     <span class='ocr_line' id='line_1_30' title="bbox 421 3784 1502 3868; baseline 0.003 -21"><span class='ocrx_word' id='word_1_234' title='bbox 421 3788 611 3866; x_wconf 86' lang='lat' dir='ltr'>iungantur,</span> <span class='ocrx_word' id='word_1_235' title='bbox 621 3784 712 3850; x_wconf 89' lang='lat' dir='ltr'>linee</span> <span class='ocrx_word' id='word_1_236' title='bbox 722 3784 877 3850; x_wconf 87' lang='lat' dir='ltr'>videlicet</span> <span class='ocrx_word' id='word_1_237' title='bbox 887 3804 972 3867; x_wconf 81' lang='lat' dir='ltr'>quae</span> <span class='ocrx_word' id='word_1_238' title='bbox 984 3805 1005 3850; x_wconf 88' lang='lat' dir='ltr'>a</span> <span class='ocrx_word' id='word_1_239' title='bbox 1016 3787 1090 3849; x_wconf 91' lang='lat' dir='ltr'>visu</span> <span class='ocrx_word' id='word_1_240' title='bbox 1101 3787 1247 3866; x_wconf 87' lang='lat' dir='ltr'>precedit</span> <span class='ocrx_word' id='word_1_241' title='bbox 1258 3787 1300 3850; x_wconf 87' lang='lat' dir='ltr'>ad</span> <span class='ocrx_word' id='word_1_242' title='bbox 1312 3786 1502 3868; x_wconf 73' lang='lat' dir='ltr'>speculum‚</span> 
     </span>
     <span class='ocr_line' id='line_1_31' title="bbox 422 3894 1499 3977; baseline -0.002 -19"><span class='ocrx_word' id='word_1_243' title='bbox 422 3901 455 3958; x_wconf 86' lang='lat' dir='ltr'>el</span> <span class='ocrx_word' id='word_1_244' title='bbox 466 3895 751 3976; x_wconf 87' lang='lat' dir='ltr'>perpendicularis</span> <span class='ocrx_word' id='word_1_245' title='bbox 770 3913 856 3977; x_wconf 86' lang='lat' dir='ltr'>quae</span> <span class='ocrx_word' id='word_1_246' title='bbox 870 3895 956 3960; x_wconf 90' lang='lat' dir='ltr'>cedit</span> <span class='ocrx_word' id='word_1_247' title='bbox 968 3915 988 3959; x_wconf 94' lang='lat' dir='ltr'>a</span> <span class='ocrx_word' id='word_1_248' title='bbox 999 3913 1037 3959; x_wconf 89' lang='lat' dir='ltr'>re</span> <span class='ocrx_word' id='word_1_249' title='bbox 1045 3894 1188 3959; x_wconf 87' lang='lat' dir='ltr'>videnda</span> <span class='ocrx_word' id='word_1_250' title='bbox 1200 3915 1301 3977; x_wconf 87' lang='lat' dir='ltr'>super</span> <span class='ocrx_word' id='word_1_251' title='bbox 1312 3896 1499 3976; x_wconf 84' lang='lat' dir='ltr'>speculum,</span> 
     </span>
     <span class='ocr_line' id='line_1_32' title="bbox 423 4005 1501 4087; baseline 0.001 -21"><span class='ocrx_word' id='word_1_252' title='bbox 423 4021 491 4068; x_wconf 87' lang='lat' dir='ltr'>nen</span> <span class='ocrx_word' id='word_1_253' title='bbox 504 4006 620 4087; x_wconf 85' lang='lat' dir='ltr'>utique</span> <span class='ocrx_word' id='word_1_254' title='bbox 631 4005 700 4082; x_wconf 82' lang='lat' dir='ltr'>ille,</span> <span class='ocrx_word' id='word_1_255' title='bbox 714 4023 799 4085; x_wconf 86' lang='lat' dir='ltr'>quae</span> <span class='ocrx_word' id='word_1_256' title='bbox 815 4013 955 4070; x_wconf 83' lang='lat' dir='ltr'>estante</span> <span class='ocrx_word' id='word_1_257' title='bbox 970 4005 1089 4082; x_wconf 83' lang='lat' dir='ltr'>visum,</span> <span class='ocrx_word' id='word_1_258' title='bbox 1103 4005 1162 4080; x_wconf 80' lang='lat' dir='ltr'>sed</span> <span class='ocrx_word' id='word_1_259' title='bbox 1177 4023 1263 4086; x_wconf 87' lang='lat' dir='ltr'>qnae</span> <span class='ocrx_word' id='word_1_260' title='bbox 1278 4017 1377 4086; x_wconf 75' lang='lat' dir='ltr'>super‘</span> <span class='ocrx_word' id='word_1_261' title='bbox 1389 4005 1501 4086; x_wconf 88' lang='lat' dir='ltr'>ipsum</span> 
     </span>
     <span class='ocr_line' id='line_1_33' title="bbox 424 4109 1503 4194; baseline 0 -20"><span class='ocrx_word' id='word_1_262' title='bbox 424 4113 530 4176; x_wconf 78' lang='lat' dir='ltr'>risum</span> <span class='ocrx_word' id='word_1_263' title='bbox 550 4123 602 4178; x_wconf 85' lang='lat' dir='ltr'>est</span> <span class='ocrx_word' id='word_1_264' title='bbox 624 4121 681 4178; x_wconf 89' lang='lat' dir='ltr'>aut</span> <span class='ocrx_word' id='word_1_265' title='bbox 702 4120 790 4177; x_wconf 90' lang='lat' dir='ltr'>retro</span> <span class='ocrx_word' id='word_1_266' title='bbox 813 4114 937 4194; x_wconf 72' lang='grc' dir='ltr'>ιιίειιιιις</span> <span class='ocrx_word' id='word_1_267' title='bbox 960 4114 1056 4178; x_wconf 88' lang='lat' dir='ltr'>locus</span> <span class='ocrx_word' id='word_1_268' title='bbox 1077 4114 1167 4178; x_wconf 86' lang='lat' dir='ltr'>enim</span> <span class='ocrx_word' id='word_1_269' title='bbox 1191 4114 1316 4179; x_wconf 78' lang='lat' dir='ltr'>formae</span> <span class='ocrx_word' id='word_1_270' title='bbox 1336 4113 1370 4177; x_wconf 91' lang='lat' dir='ltr'>in</span> <span class='ocrx_word' id='word_1_271' title='bbox 1387 4109 1503 4176; x_wconf 89' lang='lat' dir='ltr'>huius·</span> 
     </span>
    </p>
   </div>
   <div class='ocr_carea' id='block_1_4' title="bbox 0 0 1787 5452">
    <p class='ocr_par' dir='ltr' id='par_1_4' title="bbox 0 0 1787 5452">
     <span class='ocr_line' id='line_1_34' title="bbox 0 0 1787 5452; baseline 0 0"><span class='ocrx_word' id='word_1_272' title='bbox 0 0 1787 5452; x_wconf 95' lang='lat' dir='ltr'> </span> 
     </span>
    </p>
   </div>
  </div>
 </body>
</html>
