3512 5456
1236 613 1292 681 tlt

225 725 305 790 bant
331 723 586 792 similitudinem
615 727 794 808 quamdam
816 733 849 792 et
870 717 1113 806 quantitatem,
1136 743 1222 810 quae
1243 745 1295 792 se-

227 838 341 920 quitur
370 837 602 902 habitudinem
636 835 982 918 perpendicularium,
1016 836 1140 902 dictum
1175 846 1224 903 est
1256 837 1293 902 in

226 949 508 1031 praecedentibus.

269 1060 554 1141 augmentationes
569 1065 680 1124 autem
696 1057 894 1140 angulorum
909 1057 1135 1140 particulares,
1150 1076 1295 1140 quorum

227 1172 281 1236 bic
303 1178 352 1236 est
373 1171 474 1246 ordo,
496 1172 654 1235 debemus
677 1187 769 1234 nunc
791 1170 1011 1252 distinguere,
1036 1169 1179 1236 dicentes
1203 1170 1294 1252 prius

228 1300 412 1346 sermonem
435 1283 473 1346 de
495 1282 593 1346 rebus
616 1280 870 1356 communibus,
891 1281 927 1344 in
950 1281 1070 1360 quibus
1092 1281 1296 1346 conveniunt

227 1393 420 1458 huiusmodi
442 1392 615 1469 flexiones,
639 1398 671 1456 et
693 1409 745 1456 res
768 1409 853 1473 quae
876 1398 1032 1472 apparent
1053 1391 1089 1454 in
1110 1393 1296 1458 reverbera-

228 1505 394 1579 tionibus,
416 1503 568 1568 videlieet
589 1505 678 1584 quod
700 1503 858 1586 quicquid
880 1503 1001 1566 iterum
1022 1502 1057 1566 in
1080 1501 1193 1584 aliquo
1214 1504 1295 1568 icto·

227 1635 301 1680 rum
321 1616 466 1691 videtur,
487 1615 616 1680 videtur
634 1615 818 1680 secundum
834 1613 1049 1678 directionem
1062 1613 1165 1690 radii,
1180 1614 1239 1695 qui
1254 1613 1295 1678 ad

227 1728 310 1790 illud
332 1726 475 1790 flectitur
497 1745 516 1790 a
537 1726 631 1802 visu,
646 1727 680 1790 id
695 1734 743 1792 est
758 1726 942 1792 secundum
955 1725 1188 1792 rectitudinem
1202 1725 1295 1799 radii,

228 1840 284 1920 qui
306 1839 454 1919 procedit
474 1856 493 1900 a
515 1838 590 1902 visu
612 1837 654 1900 ad
676 1836 888 1918 superficiem
912 1837 951 1901 de
974 1855 1041 1917 qua
1061 1837 1099 1900 nt
1120 1835 1296 1913 fractioni

227 1950 410 2016 secundum
432 1949 667 2014 rectitudinem
689 1946 971 2030 perpendicularis
994 1948 1140 2012 cadentis
1162 1966 1235 2013 are
1251 1921 1297 2012 vl·

227 2059 333 2126 denda
354 2060 388 2124 in
413 2061 642 2142 superficiem,
664 2061 703 2124 de
726 2077 793 2140 qua
815 2060 852 2122 flt
872 2053 1006 2124 fractio.'
1019 2060 1118 2122 Debet
1140 2076 1216 2138 ergo
1238 2059 1297 2122 ite·

228 2187 305 2234 rum
331 2169 471 2244 exinde,
500 2171 587 2234 sicut
609 2187 647 2234 ex
669 2168 962 2254 praecedentibus,
991 2166 1182 2250 superficies
1211 2185 1297 2249 quae

228 2281 343 2346 transit
371 2299 429 2362 par
449 2281 581 2344 radium
603 2281 763 2354 fractum,
794 2297 865 2344 esse
888 2279 1011 2346 directa
1032 2297 1133 2360 super
1153 2280 1296 2360 superli-

229 2392 329 2468 ciem,
352 2392 391 2456 de
413 2408 480 2473 qua
501 2391 539 2454 lit
559 2391 685 2455 fractio.

271 2503 363 2578 Quod
392 2502 528 2582 quidem
551 2519 589 2566 ex
610 2501 664 2566 bis
687 2503 838 2582 sequitur
864 2501 948 2566 illud
969 2501 1058 2582 quad
1081 2500 1222 2583 pertinet
1243 2521 1298 2566 na·

231 2620 320 2678 turae
343 2631 504 2677 sensuum
527 2619 560 2677 et
581 2611 681 2676 habat
702 2613 941 2693 quantitatem,
968 2612 1144 2677 retulimus
1166 2611 1202 2676 ln
1223 2610 1297 2676 loco

230 2741 295 2806 quo
317 2725 568 2806 praeposuimus
590 2721 768 2807 principia,
792 2725 915 2806 quihus
937 2725 1065 2790 utimur
1086 2724 1121 2788 in
1143 2723 1296 2806 speculis.

271 2837 362 2912 Quod
385 2843 497 2900 autem
518 2843 568 2900 est
588 2853 749 2918 apparens
771 2841 806 2899 et
826 2836 1057 2911 manifestum,
1080 2835 1235 2918 possibile
1249 2841 1299 2899 est
1338 2871 1345 2890 ι

228 2948 323 3012 nobis
345 2947 526 3028 intelligere
550 2965 609 3030 per
629 2965 664 3010 se
686 2965 724 3010 ex
746 2965 885 3010 nummo
908 2947 966 3026 qui
988 2947 1083 3010 sitin
1101 2963 1188 3020 vase,
1207 2946 1298 3028 quod

229 3065 364 3124 vocatur
391 3057 534 3139 baptistis.
569 3059 665 3124 Visus
694 3059 784 3122 enim
813 3075 891 3122 cum
912 3056 1039 3123 steterit
1060 3058 1144 3122 drus
1166 3057 1201 3120 in
1225 3057 1297 3122 loco

229 3188 296 3253 quo
318 3170 429 3234 radius
451 3171 509 3252 qui
532 3170 650 3234 transit
670 3187 728 3251 per
746 3168 931 3250 marginem
949 3168 1052 3244 vasis,
1068 3169 1209 3232 efficitur
1222 3167 1299 3232 sub·

228 3281 340 3346 limior
361 3299 515 3356 nummo,
538 3289 571 3346 et
593 3286 747 3346 manente
770 3281 832 3345 isto
854 3281 890 3342 in
913 3285 1001 3343 statu
1020 3297 1092 3354 suo,
1109 3279 1298 3344 effundatur

229 3409 316 3474 aqua
336 3392 371 3454 in
394 3409 469 3456 vase
492 3392 671 3466 moderate,
693 3407 866 3472 quousque
889 3389 1004 3454 radius
1026 3389 1085 3470 qui
1107 3389 1224 3452 transit
1242 3408 1299 3472 per

231 3503 417 3584 marginem
438 3504 535 3578 vasis,
554 3503 722 3584 frangatur
740 3503 780 3565 ad
798 3503 964 3577 interiora,
980 3507 1013 3564 et
1028 3500 1184 3566 ceciderit
1198 3517 1299 3584 super

229 3631 423 3692 nummum;
445 3613 562 3678 accidit
583 3613 677 3689 inde,
699 3632 767 3687 res,
791 3631 877 3695 quae
899 3612 993 3693 prius
1007 3629 1075 3676 non
1091 3612 1297 3688 videbantur,

228 3723 332 3788 rideri
358 3731 439 3787 tunc
467 3742 564 3805 super
592 3721 731 3788 lineam·
745 3731 867 3788 rectam
896 3728 1095 3804 protractam
1118 3741 1138 3786 a
1160 3722 1234 3786 visu
1255 3723 1297 3786 ad

229 3836 339 3900 locum
361 3833 592 3898 sublimiorem
614 3853 692 3898 vero
709 3833 790 3910 loco,
806 3841 838 3898 et
852 3834 1090 3897 existimabitur
1104 3833 1217 3896 radius
1232 3849 1298 3894 non

230 3963 300 4009 esse
322 3945 481 4010 refractus
504 3945 544 4008 ad
567 3961 639 4018 eas,
661 3944 717 4007 sed
740 3945 830 4024 quod
849 3944 939 4024 ipsae
954 3950 1067 4006 natent
1084 3950 1115 4007 et
1130 3941 1299 4008 eleventur

228 4056 269 4120 ad
291 4057 441 4132 radium,
463 4063 495 4118 et
517 4055 577 4120 hac
599 4055 639 4119 de
662 4073 763 4118 causa
784 4056 990 4135 apparebunt
1010 4053 1295 4134 secundumper·

231 4166 476 4248 pendicularem
504 4167 674 4230 cadentem
701 4182 800 4245 super
821 4183 929 4246 aquae
951 4164 1158 4248 superficiem
1171 4203 1187 4239 ,·
1206 4164 1298 4255 iusta

232 4276 395 4360 principia
417 4295 503 4360 quae
525 4276 618 4362 prius
639 4275 883 4359 explicavimus.
