3550 5452
1282 573 1323 634 79

249 691 382 768 apparet
403 701 505 764 penes
528 699 599 746 rem
621 699 696 746 vcro
719 681 894 744 videndam
917 680 958 744 ad
981 697 1091 762 prope.
1115 680 1324 744 Demonstra-

248 801 318 858 tuni
342 799 392 858 est
414 810 504 872 ergo,
521 791 687 872 quomodo
709 790 746 852 iit
762 789 1014 870 comprehensio
1030 787 1212 854 visibilium
1226 808 1323 871 pyra-

246 905 390 980 midum,
406 920 489 982 quae
506 907 554 964 est
569 901 752 964 secundum
769 899 954 964 naturalem
970 917 1117 972 cursum,
1132 907 1165 964 et
1180 900 1321 964 refertur

249 1015 290 1076 ad
318 1030 420 1076 unam
448 1017 480 1075 et
509 1011 651 1092 primam
681 1009 1011 1092 comprehensionem
1039 1008 1159 1072 virtute
1182 1017 1213 1071 et
1235 1010 1321 1086 situ3

250 1122 338 1202 quod
369 1121 407 1182 iit
427 1137 503 1183 cum
527 1119 752 1198 aspexerimus
776 1136 852 1182 cum
882 1119 1033 1197 utrisque
1060 1115 1166 1181 oculis
1196 1123 1323 1198 partem

247 1232 296 1294 roi
319 1249 403 1312 quae
426 1228 586 1309 aspicitur
602 1245 677 1290 cum
702 1228 807 1292 altero
823 1227 1012 1301 oculorum,
1028 1233 1060 1291 et
1075 1226 1162 1290 nihil
1176 1234 1324 1302 mutetur

250 1340 290 1404 de
313 1339 455 1404 naturali
478 1344 580 1402 motu.
609 1339 739 1402 Accidit·
754 1339 844 1402 euim
867 1338 1033 1400 actionem
1055 1337 1154 1400 istam
1182 1337 1320 1400 univer-

250 1447 363 1512 saliter
384 1449 474 1522 iieri,
498 1466 574 1510 cum
597 1447 770 1526 utriusque
793 1465 888 1520 axes,
912 1447 971 1527 qui
992 1446 1112 1510 virtute
1142 1453 1221 1509 sunt
1243 1465 1321 1526 pro-

249 1557 314 1638 prii
336 1557 456 1634 oculis,
480 1558 649 1620 coniuncti
670 1557 795 1620 fuerint
823 1574 841 1618 a
866 1538 1046 1636 principio,
1069 1574 1089 1618 a
1111 1574 1178 1636 quo
1204 1573 1321 1636 proce-

249 1667 332 1730 dunt
363 1685 422 1748 per
452 1668 607 1730 virtutem
646 1647 819 1746 regitivam
842 1666 884 1730 ad
906 1683 976 1728 rem
1005 1664 1204 1738 videndam,
1238 1682 1323 1745 quae
1428 1724 1431 1732 ,

250 1777 419 1840 constituit
441 1794 498 1840 eos
529 1795 628 1858 super
650 1794 753 1840 unam
782 1783 814 1839 et
842 1777 984 1846 eandem
1007 1775 1130 1838 lineam
1158 1776 1199 1838 ad
1221 1774 1322 1838 situm

250 1885 438 1950 communis
461 1886 529 1949 axis
552 1886 638 1950 inter
651 1885 758 1966 capita
776 1885 1004 1966 pyramidum,
1021 1873 1053 1948 et
1075 1885 1112 1946 iit
1128 1902 1224 1948 casus
1239 1885 1324 1948 radii

249 2013 348 2075 super
369 1994 484 2070 illum,
502 2014 577 2058 cum
600 1995 700 2057 fuerit
722 2012 810 2057 unus
834 2002 867 2056 et
883 1993 972 2056 idem
995 1993 1080 2056 radii
1095 1991 1201 2068 loeus,
1216 1999 1323 2058 trans·
1356 2039 1359 2050 ,

150 2115 154 2124 ’
249 2105 373 2168 feratur
394 2123 453 2185 per
467 2105 622 2168 virtutem
639 2104 804 2186 propriam
828 2103 892 2168 sibi
908 2105 949 2166 ad
971 2103 1058 2184 ipsas
1075 2120 1137 2165 res.
1157 2101 1218 2164 tila
1233 2104 1322 2165 enim

252 2233 336 2297 quae
360 2223 438 2277 sunt
460 2233 561 2296 super
582 2217 671 2296 ipsos
694 2234 769 2278 axes
791 2215 997 2296 apparebunt
1019 2213 1193 2278 manifeste
1216 2229 1323 2276 unum

251 2325 361 2388 locum
386 2324 551 2397 obtinere,
574 2324 632 2404 qui
655 2332 704 2388 est
725 2313 924 2388 communis·
938 2325 1029 2403 axis3
1058 2321 1116 2386 illa
1138 2341 1216 2386 vero
1238 2339 1323 2402 quaa

251 2434 376 2498 suerint
393 2453 493 2514 super
506 2439 633 2498 ceteros
651 2433 771 2510 radios,
787 2434 993 2514 apparebunt
1015 2433 1049 2494 in
1072 2431 1165 2506 lobio,
1179 2449 1322 2512 quorum

252 2544 407 2608 distantia
436 2550 566 2608 acerto
589 2543 662 2606 loco
685 2561 800 2608 eorum
828 2551 877 2606 est
907 2551 942 2606 ut
964 2542 1118 2606 distantia
1140 2541 1207 2606 axis
1230 2561 1323 2607 oom-

251 2655 363 2718 munis
393 2655 433 2716 ab
457 2673 515 2717 axe
545 2654 608 2716 sibi
637 2655 786 2735 proprio,
806 2672 867 2717 nec
895 2653 1058 2734 estquod
1086 2652 1261 2732 prohibeat
1289 2651 1324 2715 in

251 2763 599 2837 demonstrationibus,
609 2781 693 2844 quae
707 2764 883 2828 attributae
896 2772 973 2827 sunt
984 2761 1138 2843 speculis,
1149 2781 1224 2826 cum
1238 2781 1324 2827 com·

248 2873 425 2953 prehensio
447 2874 549 2936 fuerit
571 2891 750 2954 perunum
772 2871 908 2936 oculum
931 2879 963 2936 et
985 2891 1087 2936 unam
1110 2873 1324 2953 comprehcn-

249 2983 379 3046 sionem
402 2983 443 3046 ab
466 3001 534 3046 uno
557 2982 738 3063 principio,
765 2981 846 3061 quin
870 2963 933 3043 flat
949 2983 1135 3046 secundum
1159 3000 1261 3044 unam
1284 2982 1323 3044 dc

252 3092 305 3156 his
328 3093 507 3173 speciebus¹
524 3075 600 3156 cum
623 3098 743 3156 natura
764 3109 891 3165 earum,
916 3097 951 3153 ut
973 3092 1204 3172 exposuimus;
1228 3091 1270 3154 sit
1287 3109 1325 3154 cx

253 3203 506 3284 congregatione
529 3202 758 3265 sensibilitatis
782 3218 912 3276 rerum,
931 3217 1015 3279 quae
1032 3201 1215 3264 secundum
1232 3218 1324 3262 conr-

176 3315 181 3327 '
252 3313 449 3376 munitatem
473 3319 644 3394 apparent.
667 3314 730 3376 Res
753 3311 843 3376 enim
862 3329 946 3390 quae
963 3310 1169 3392 aspiciuntur
1184 3317 1217 3372 et
1231 3327 1324 3372 com-

253 3422 506 3502 prehenduntur
541 3421 691 3503 utrisque
721 3421 847 3497 oculis,
879 3427 1037 3503 apparent
1068 3437 1127 3501 per
1156 3438 1257 3484 unam
1288 3437 1326 3484 ex

252 3531 428 3594 virtutibus
457 3532 526 3594 suis
549 3532 742 3594 continuam
764 3549 842 3596 cum
871 3529 1035 3612 principio
1062 3536 1172 3592 nutus.
1206 3533 1248 3594 lix
1273 3530 1325 3594 his

251 3640 352 3719 igitur
381 3659 466 3722 queo
496 3641 562 3704 dici
585 3641 725 3705 debeant
747 3642 787 3704 de
810 3640 1092 3715 dubitationibus,
1117 3659 1199 3722 quas
1222 3640 1325 3721 expli·

252 3750 401 3812 cavimus
429 3751 465 3812 in
496 3750 668 3832 principiis
691 3752 908 3832 praepositis,
932 3751 1097 3814 sufficiant
1121 3751 1217 3814 nobis
1241 3768 1324 3831 quac

254 3859 451 3923 dictasunt.

294 3970 385 4032 Nunc
408 3977 520 4032 autem
543 3977 617 4052 post
639 3969 702 4034 hac
725 3970 874 4034 dicamus
897 3971 937 4034 dc
960 3970 1093 4046 iormis,
1116 3987 1200 4050 quac
1224 3987 1325 4050 appe-

253 4086 327 4142 ront
356 4080 539 4144 secundum
571 4099 844 4163 unamquamque
872 4080 1111 4159 praedictarum
1142 4078 1326 4159 specierum
