3550 5452
605 680 607 695 .
1290 621 1329 688 89
1405 683 1408 700 ,

258 731 343 796 illud
364 731 454 812 quod
476 731 628 806 diximus,
651 738 687 794 ut
709 731 745 794 id
766 732 855 810 quod
877 731 997 796 aeeidit
1010 731 1046 796 in
1060 732 1160 796 rebus
1176 749 1261 812 quae
1276 750 1333 812 ap-

257 850 413 922 parente
436 841 538 905 latere
568 841 703 906 maioris
734 841 995 920 magnitudinis,
1022 848 1056 906 et
1076 847 1236 921 putantur
1257 857 1330 906 esse

259 953 418 1026 minores,
443 959 477 1014 et
496 953 532 1013 in
555 951 608 1020 his
630 969 714 1030 quae
738 958 896 1032 apparent
911 969 989 1016 oum
1005 950 1173 1016 coloribus
1189 951 1332 1031 splendi-

259 1062 406 1126 dioribus
429 1079 476 1136 se,
499 1069 531 1124 et
548 1067 707 1142 putantur
721 1079 794 1124 esse
809 1062 921 1125 minus
939 1061 1146 1142 splendidae:
1164 1059 1255 1141 quod
1268 1063 1331 1124 uti-

259 1189 324 1252 que
340 1171 378 1234 fit
392 1189 430 1234 ex
444 1171 573 1236 defectu
591 1171 878 1245 considerationis,
893 1189 970 1236 oum
986 1171 1090 1236 altera
1106 1171 1208 1236 fuerit
1223 1171 1334 1236 minor
1392 1233 1397 1246 ,
1469 1233 1476 1250 ,

166 1301 169 1309 ·
260 1281 362 1345 altera
383 1288 581 1362 superante,
603 1283 787 1345 seeundum
809 1281 1144 1362 comprehensionem
1165 1280 1332 1362 propriam

259 1393 367 1466 rebus,
390 1407 475 1472 quae
491 1392 532 1455 ab
548 1391 622 1455 aliis
638 1397 848 1472 superantur,
865 1391 997 1472 quando
1013 1409 1080 1456 non
1096 1391 1135 1454 fit
1148 1390 1332 1474 proportio·

258 1502 389 1578 naliter3
402 1503 466 1566 hoo
477 1501 566 1565 enim
579 1502 720 1583 pertinet
731 1503 887 1578 omuibus
897 1502 1064 1568 sensibus.
1076 1501 1331 1583 comprehensio

260 1614 348 1676 enim
373 1613 574 1693 quandoque
596 1612 761 1675 minuitur
776 1619 808 1676 et
823 1613 1021 1693 quandoque
1037 1619 1176 1692 augetur
1190 1611 1333 1694 perfeeto

259 1723 376 1786 tamin
394 1723 467 1786 visu
490 1739 589 1802 quam
613 1722 646 1785 iu
670 1724 820 1796 odoratu,
839 1729 871 1786 et
888 1722 924 1785 in
942 1723 1096 1803 hisquae
1113 1727 1334 1802 gustanturet

258 1835 292 1896 in
316 1851 416 1910 sonu;
439 1834 628 1896 sentiuntur
651 1833 741 1896 enim
764 1831 799 1894 in
823 1833 940 1896 eodem
962 1837 1111 1913 tempore
1134 1832 1199 1896 alia
1221 1832 1333 1914 potius

259 1961 358 2023 quam
371 1943 445 2018 alia,
457 1961 540 2022 quae
554 1949 631 2006 sunt
643 1943 793 2006 eiusdem
807 1941 948 2022 generis.
960 1941 1025 2008 Neo
1037 1942 1131 2011 decet
1141 1940 1334 2006 huiusmodi

260 2054 439 2117 aooidentia
461 2059 589 2116 tantum
611 2051 775 2131 segregari
797 2053 838 2116 ab
860 2051 925 2126 his,
944 2051 979 2112 in
1001 2051 1122 2131 quibus
1141 2051 1269 2116 tollitur
1285 2052 1333 2114 ri·

260 2181 326 2239 sus,
345 2165 403 2226 sed
425 2164 527 2228 debet
540 2161 639 2226 etiam
654 2162 727 2226 fieri
740 2162 805 2225 hoo
819 2179 877 2242 per
891 2160 1084 2246 aeoidentia,
1099 2178 1186 2240 quae
1205 2159 1336 2226 contiu-

259 2281 339 2354 guut
366 2293 404 2338 ex
432 2275 616 2338 mutatione
645 2289 760 2336 rerum
789 2272 1022 2345 videndarum,
1052 2287 1227 2353 quousque
1251 2269 1335 2334 flant

259 2401 361 2448 eausa
383 2383 564 2464 apparendi
584 2401 656 2446 rem
679 2381 774 2446 aliter
802 2399 904 2462 quam
932 2398 968 2446 se
990 2380 1170 2455 haberent,
1192 2379 1221 2442 si
1242 2379 1355 2449 visus,

261 2500 293 2557 et
313 2483 407 2558 mens
429 2512 497 2556 nou
521 2501 632 2557 essent
652 2499 733 2556 tune
753 2492 790 2554 in
806 2491 918 2572 aliquo
935 2489 1134 2571 perturbati,
1150 2498 1213 2554 neo
1229 2475 1334 2554 status

261 2621 377 2666 eorum
398 2611 554 2667 mutatus.
576 2603 657 2668 Nam
679 2620 756 2666 oum
779 2601 904 2681 singuli
932 2600 1059 2666 colores
1085 2619 1152 2664 non
1180 2600 1334 2664 videntur

262 2715 445 2777 seeundum
468 2731 562 2776 suam
585 2712 829 2792 proprietatem,
853 2711 914 2776 sed
928 2711 1053 2775 fuerint
1070 2708 1249 2784 eommuo,
1264 2707 1336 2772 nul·

259 2820 312 2885 lus
333 2824 447 2902 utique
469 2823 587 2886 dixerit
608 2822 671 2884 hoo
693 2821 831 2884 existere
853 2839 892 2883 ex
905 2819 1106 2902 ueoepoone
1131 2818 1332 2884 consistente

260 2931 295 2996 in
317 2934 406 3007 visu,
429 2934 497 2996 sive
520 2950 557 2995 ex
579 2927 804 3005 multitudine,
826 2931 895 2994 sire
918 2947 957 3012 ex
978 2930 1046 2993 situ
1069 2945 1186 2994 eorum
1207 2928 1333 2992 foetum

261 3041 319 3115 sit,
342 3043 502 3120 quoniam
523 3041 686 3122 imagines
707 3039 858 3114 colorum
873 3059 940 3106 non
958 3045 1116 3120 apparent
1133 3034 1218 3102 oliae
1234 3051 1334 3115 quem

260 3151 393 3216 fuerent
414 3159 547 3232 propter
568 3169 683 3214 oasum
704 3150 845 3228 luminis
867 3167 968 3230 super
989 3164 1068 3221 eas,
1097 3147 1156 3210 sed
1177 3144 1333 3209 videntur

260 3261 364 3340 magis
388 3267 421 3324 et
441 3262 565 3335 minus,
588 3263 675 3324 siout
695 3277 757 3324 neo
778 3260 841 3323 heo
864 3260 904 3322 de
926 3275 1025 3322 eausa
1041 3256 1169 3338 aliquid
1186 3258 1332 3335 apparet,

261 3387 359 3450 super
380 3373 469 3450 quod
492 3389 560 3434 non
576 3371 693 3434 ineidit
706 3370 833 3434 lumen.
848 3370 941 3432 Luna
954 3386 1032 3434 vero
1048 3367 1147 3433 habet
1161 3364 1333 3446 proprium

260 3479 424 3555 colorem,
448 3481 504 3560 qui
527 3480 719 3562 apparatio
743 3479 859 3560 eolipsi
881 3480 953 3542 siue
975 3477 1117 3551 lumine,
1140 3481 1171 3538 et
1192 3492 1261 3538 non
1281 3489 1336 3554 ep·

260 3597 353 3668 paret
373 3591 408 3652 in
431 3589 547 3654 ueteris
569 3589 784 3671 temporibus.
807 3590 894 3652 Haeo
916 3594 1028 3652 eutem
1050 3571 1247 3664 ambiguitas
1270 3582 1336 3646 sol-

261 3700 363 3775 vitur,
387 3700 466 3779 quia
486 3699 568 3763 luna
588 3700 625 3762 in
647 3706 796 3779 tempore
818 3697 949 3778 eelipsis
973 3705 1021 3762 est
1042 3697 1078 3760 in
1101 3696 1243 3776 quedem
1263 3709 1336 3756 um-

261 3811 335 3884 bra,
357 3816 444 3875 terra
466 3810 572 3883 enim,
594 3826 653 3888 per
675 3827 775 3889 quarn
797 3811 834 3872 fit
854 3817 999 3888 tegmen,
1021 3806 1116 3870 valde
1138 3810 1265 3868 remota
1286 3809 1336 3866 est

261 3927 339 3983 tuno
361 3939 381 3983 a
401 3921 497 3997 iuna3
520 3922 557 3983 in
580 3921 654 3983 aliie
676 3939 755 3985 vero
780 3921 983 4000 temporibus
1009 3918 1091 3982 luna
1113 3916 1220 3980 estin
1243 3920 1336 3978 tene·

243 4032 345 4107 bris,
368 4035 528 4110 quoniam
555 4031 642 4096 illud
669 4049 728 4113 per
755 4030 845 4112 quod
873 4032 912 4092 flt
933 4037 1082 4109 tegmen,
1103 4022 1335 4104 medietaffiri-

176 4228 178 4233 Ι
262 4142 379 4207 detinet
400 4139 527 4208 lunaris
550 4143 708 4223 sphaerae
730 4149 780 4206 eet
800 4142 997 4206 eontinuum
1011 4137 1072 4213 illi,
1090 4135 1180 4215 quod
1195 4134 1273 4200 inde
1290 4140 1337 4198 te-
