3512 5456
1229 611 1288 676 lae

219 740 250 798 c,
266 721 283 784 b
302 722 343 786 ad
362 721 512 802 opposita
525 723 573 786 eis
588 721 662 785 loca
676 723 719 784 od
734 729 767 785 et
783 723 833 796 te,
852 731 884 784 et
901 721 1071 802 copuletur
1085 721 1176 786 linea
1189 721 1242 801 de,
1258 729 1291 786 et

220 831 381 896 dividatur
404 831 542 912 angulus
565 835 631 896 ode
651 833 686 894 in
709 832 790 896 duas
811 831 1004 896 medietates
1020 851 1078 913 per
1092 831 1215 898 lineam
1234 836 1291 908 dr,

219 950 250 1006 et
271 941 409 1024 angulus
431 945 496 1008 bed
517 944 551 1006 in
574 944 656 1007 duas
671 944 863 1008 medietates
878 961 936 1025 per
950 942 1073 1008 lineam
1090 945 1146 1020 eh,
1169 951 1201 1010 et
1215 962 1289 1025 pro-

179 1059 185 1072 ‘
217 1052 389 1118 trahantur
410 1072 509 1135 super
521 1056 564 1118 ctz
585 1061 619 1117 et
640 1071 736 1136 super
750 1056 794 1118 alr
807 1054 891 1118 duae
907 1054 1194 1134 perpendiculares
1208 1055 1285 1128 ltdt.

219 1167 298 1240 lem,
321 1181 405 1244 quae
427 1165 653 1230 existimentur
675 1183 747 1228 esse
770 1165 852 1230 dnae
868 1173 974 1228 rectae
989 1165 1095 1230 lineae
1110 1165 1145 1228 in
1160 1165 1288 1232 duobus

216 1275 322 1356 planis
345 1275 503 1356 speculis,
527 1277 709 1340 seeundum
731 1276 903 1356 principia,
925 1294 1065 1356 quorum
1088 1276 1287 1358 positionem

218 1386 487 1466 praetaxavimus.
511 1387 577 1449 Erit
594 1403 671 1466 argo
688 1386 905 1450 reverberatio
921 1385 962 1449 ad
978 1386 1132 1468 aequales
1148 1386 1286 1468 angulos

218 1515 316 1578 snper
328 1496 452 1564 lineam
464 1500 513 1574 de,
530 1504 562 1562 et
572 1499 634 1570 erit
645 1497 862 1560 reverberatio
873 1499 913 1559 de
927 1515 1027 1578 super
1038 1499 1087 1574 eb‚·
1098 1497 1289 1560 huiusmodi

219 1607 310 1674 enim
323 1607 431 1672 lineae
445 1609 616 1673 continent
627 1626 701 1672 eum
711 1606 1034 1688 perpendicularibne
1047 1625 1147 1689 super
1157 1607 1291 1690 specula

219 1719 411 1784 cadentibus
433 1717 587 1800 aequales
605 1718 754 1800 angulos.
773 1717 920 1783 visibilis
938 1719 1027 1784 enim
1042 1719 1154 1784 radius
1168 1737 1288 1800 proce·

218 1830 298 1892 dens
320 1831 360 1894 ab
375 1849 394 1894 c
412 1830 610 1910 retringitur,
627 1837 739 1910 utpote
754 1831 854 1904 edet,
870 1837 902 1892 el
916 1829 1058 1892 sentitur
1075 1847 1128 1894 res
1145 1829 1289 1894 videnda

217 1941 252 2002 in
268 1941 298 2014 b,
320 1941 366 2004 ita
387 1940 553 2016 videlicet,
575 1946 613 2002 ut
632 1939 739 2002 forma
760 1941 831 2003 eius
854 1938 972 2002 similis
996 1941 1040 2002 sit
1061 1941 1177 2020 primis
1199 1939 1287 2020 prin·

172 2089 175 2100 ·
218 2049 312 2130 cipiis
345 2051 379 2112 in
407 2049 481 2114 loco
508 2049 656 2132 speculi,
684 2067 748 2129 quo
777 2050 979 2113 conveniunt
1010 2049 1290 2132 perpendicularis

218 2160 339 2227 cadens
362 2180 381 2224 a
403 2178 437 2224 re
460 2161 602 2225 videnda
622 2179 721 2240 super
743 2160 928 2241 speculum,
951 2167 983 2224 ει
1000 2160 1090 2225 linae
1104 2167 1290 2248 rectaflquae

217 2272 364 2351 procedit
385 2289 404 2334 a
424 2273 508 2334 visu.
527 2272 627 2336 Linea
649 2277 757 2336 autem
776 2289 859 2352 quae
875 2279 926 2335 est
940 2271 1122 2336 secundum
1138 2272 1290 2336 directio·

217 2401 295 2446 nem
315 2383 455 2446 visibilis
476 2383 572 2460 radii,
593 2402 662 2449 una
684 2389 732 2446 est
754 2401 892 2463 semper,
914 2390 946 2446 at
969 2392 1018 2446 est
1034 2386 1092 2459 cd;
1116 2384 1289 2464 perpendi-

217 2494 343 2558 culares
359 2501 468 2559 autem
484 2513 567 2575 qnae
582 2495 807 2574 producuntur
823 2513 842 2556 a
856 2512 891 2556 re
908 2493 1058 2569 videnda,
1074 2493 1185 2574 plures
1202 2501 1289 2569 sunt,

219 2613 250 2668 et
277 2623 436 2670 numerus
466 2623 579 2670 earum
602 2603 749 2686 aequalis
772 2612 821 2667 est
842 2622 979 2668 numero
1002 2603 1233 2686 speculorum,
1257 2614 1290 2668 et

218 2716 421 2798 impossibile
444 2724 493 2780 est
515 2715 590 2780 illas
606 2733 721 2780 omnes
740 2717 917 2780 convenire
935 2715 970 2778 in
993 2716 1059 2779 situ
1080 2716 1179 2797 primi
1190 2717 1291 2790 visus,

219 2827 277 2890 sed
299 2828 385 2891 cadit
406 2827 483 2889 inde
505 2843 604 2908 super
626 2825 734 2906 ipsum
756 2823 927 2906 speculum
950 2833 1090 2906 punctus
1111 2846 1130 2889 c
1151 2833 1291 2901 tantum,

217 2938 275 3017 qui
298 2945 347 3001 est
368 2938 566 3000 novissimus
587 2936 787 3016 reliquarum
811 2934 1147 3016 perpendicularium,
1169 2935 1228 3000 nbi
1254 2937 1291 2998 ct

217 3048 429 3114 consistentia
450 3045 589 3111 visibilis
611 3046 695 3109 radii
717 3045 815 3126 primi
834 3063 934 3126 penes
950 3044 1120 3127 speculum
1142 3047 1290 3126 utrisque

214 3177 408 3234 commune,
430 3157 611 3222 seeundum
631 3157 848 3237 principium,
867 3158 954 3238 quod
976 3157 1226 3236 praeposuimus
1248 3155 1288 3219 de

216 3270 402 3336 visibilibus
424 3269 539 3345 radiis;
563 3277 595 3332 et
617 3285 690 3332 cum
709 3267 810 3332 fuerit
824 3274 983 3350 protracta
999 3285 1018 3330 a
1032 3275 1154 3348 puncto
1170 3268 1186 3328 lt
1202 3267 1243 3332 ed
1257 3269 1290 3330 te

215 3379 492 3463 perpendicularis
519 3381 598 3455 tm,
626 3393 796 3459 quousque
823 3380 976 3458 iungatur
997 3381 1057 3453 de,
1086 3395 1162 3442 eum
1190 3377 1288 3442 luerit

216 3493 372 3574 producta
392 3493 426 3557 in
449 3497 569 3572 puncto
583 3511 620 3566 c,
642 3490 704 3555 erit
725 3491 850 3571 primus
873 3491 1089 3554 terminorum
1111 3489 1289 3570 perpendi·

217 3602 337 3668 cularis
359 3608 498 3683 punctus
510 3619 547 3675 a,
570 3602 628 3682 qui
649 3609 700 3664 est
720 3599 839 3664 ultima
853 3600 1101 3675 refractionem,
1120 3615 1204 3682 quae
1219 3598 1293 3662 lita

216 3721 339 3795 puncto
359 3732 384 3776 c.
406 3715 443 3776 [ιι
463 3712 584 3774 iterum
606 3730 682 3777 cum
704 3712 745 3776 ab
767 3712 840 3793 ipso
860 3719 984 3792 puncto
1006 3717 1170 3792 protracta
1188 3707 1289 3774 inerit

219 3823 496 3907 perpendicularis
519 3824 560 3886 ad
577 3823 624 3898 tt,
646 3830 681 3885 nt
703 3821 763 3898 lta,
787 3821 875 3902 quod
892 3821 1047 3903 possibile
1064 3827 1127 3895 ast,
1143 3836 1218 3884 enm
1235 3837 1291 3896 eu-

219 3933 401 4015 gulusedlt
425 3935 523 3998 fuerit
550 3937 683 4008 acutus,
713 3933 759 3996 ita
785 3940 823 3997 nt
848 3933 1002 4014 iungatur
1023 3931 1145 3994 visibili
1174 3930 1288 4004 radio,

218 4045 276 4127 qui
292 4053 342 4110 est
354 4047 416 4119 cd,
433 4063 508 4108 cum
524 4044 623 4116 luerit
636 4044 821 4125 productus,
837 4045 871 4106 in
886 4062 911 4119 s,
927 4044 990 4108 erit
1002 4043 1117 4122 utique
1130 4043 1291 4117 terminus

218 4155 497 4240 perpendicularis
529 4154 728 4222 novissimae
761 4161 901 4238 punctus
922 4173 951 4231 ε,
975 4155 1033 4238 qui
1056 4161 1108 4218 eet
1126 4153 1294 4236 prima-ex
