3550 5452
1282 599 1321 660 53

246 723 331 787 quae
359 713 517 786 apparent
542 723 601 785 per
628 705 768 784 angulos
785 699 969 784 aequales,
993 724 1067 770 enm
1098 707 1321 786 quarumdam

246 833 361 882 aarum
384 815 559 878 distantiae
582 816 707 878 fuerint
729 815 886 878 maiores.

289 924 414 990 Accidit
439 924 541 988 etiam
565 923 669 986 simili
699 925 798 988 mede
820 924 950 988 fallacia
971 926 1005 988 in
1030 925 1163 1005 figuris,
1184 928 1320 1005 quando

248 1051 314 1098 non
333 1034 534 1098 disternitur
547 1039 583 1098 et
596 1034 807 1115 cognescitur
820 1033 928 1114 figura
941 1035 990 1098 rei
1007 1051 1046 1098 ex
1060 1035 1166 1116 ssgura
1180 1035 1321 1100 visibilis

247 1143 346 1218 radii,
369 1161 447 1206 cum
469 1143 585 1207 incidit
606 1162 707 1224 super
727 1161 799 1208 rem
821 1144 1012 1220 ridendam,
1029 1146 1086 1208 sed
1101 1144 1139 1208 iit
1154 1163 1192 1209 ex
1208 1145 1321 1226 aliquo

126 1255 134 1272 '
249 1228 489 1332 praedicturum
505 1252 736 1316 accidentium.
760 1255 923 1333 Apparant
938 1253 1029 1316 enim
1044 1254 1237 1334 superficies
1252 1269 1323 1333 pro·

246 1369 318 1440 pter
342 1360 517 1441 impositos
546 1361 674 1424 coleres
704 1363 901 1452 quandoque
925 1379 1044 1425 curvae
1066 1370 1097 1426 et
1119 1363 1320 1442 quandoque

249 1485 421 1556 cpncarae,
444 1477 478 1532 ct
498 1470 574 1533 ideo
597 1469 703 1550 pictor
724 1487 801 1532 cum
814 1470 960 1535 voluerit
974 1473 1146 1535 ostendere
1161 1471 1222 1534 has
1239 1472 1321 1536 duas

247 1579 369 1660 figuras
387 1579 600 1659 peractores,
619 1582 711 1660 ponit
728 1579 873 1644 colorem
891 1579 984 1642 iilius
999 1581 1114 1661 partis,
1134 1597 1236 1662 quam
1252 1579 1323 1643 vult

247 1691 449 1754 eminentem
471 1691 591 1763 videri,
618 1689 788 1767 lucidum;
814 1689 962 1754 colorem
987 1708 1064 1754 vero
1090 1690 1322 1772 illiusquam

247 1794 517 1864 vult'concavam
539 1801 661 1874 videri,
682 1803 788 1880 magis
812 1799 967 1864 latentem
991 1809 1025 1864 et
1045 1802 1266 1877 accederem
1288 1808 1322 1864 et

248 1917 381 1991 propter
401 1910 465 1974 hcc
483 1917 640 1991 putamus
658 1909 768 1974 velum
785 1927 966 1974 concavum
985 1927 1057 1973 esse
1073 1927 1228 1987 curvum,
1243 1927 1322 1974 cum

248 2020 470 2100 aspexerimus
498 2019 582 2084 iliud
610 2035 629 2082 a
655 2019 769 2098 lenge,
798 2021 894 2083 euius
924 2037 1024 2083 causa
1053 2025 1120 2094 est,
1147 2035 1215 2081 nen
1243 2020 1323 2098 quia

245 2135 363 2192 ventus
385 2129 449 2194 tale
471 2127 557 2192 iliud
579 2129 740 2210 disponit,
763 2136 800 2192 ut
821 2145 898 2192 curm
919 2147 959 2192 eu
986 2127 1153 2208 perveniat
1175 2129 1217 2192 ad
1240 2143 1320 2192 con·

238 2248 366 2302 'cavum
391 2238 504 2302 lecum
528 2239 593 2302 veli
619 2239 734 2302 lumen
763 2238 845 2301 selis
875 2245 909 2302 et
934 2237 1076 2302 risibilis
1105 2238 1232 2311 radius,
1262 2237 1322 2300 sed

248 2335 329 2428 q'uia
349 2349 470 2412 cadunt
490 2365 591 2428 super
608 2348 759 2412 medium
774 2347 837 2412 veli
854 2349 935 2412 recti
949 2347 1049 2421 radii,
1066 2347 1162 2411 etsie
1176 2346 1323 2410 lucescit.

250 2457 288 2519 in
309 2443 464 2520 extremis
491 2464 603 2523 autem
629 2456 778 2536 partibus
805 2463 838 2520 et
865 2456 1141 2521 circumferentiis
1169 2457 1241 2520 eius
1267 2462 1324 2520 aut
1427 2491 1433 2502 ·

249 2567 387 2630 omnino
408 2563 520 2632 nullus
540 2565 629 2630 cadit
648 2567 777 2641 radius,
802 2574 861 2630 aut
885 2583 1003 2647 parum
1024 2567 1102 2630 inde
1125 2566 1213 2628 cadit
1233 2565 1322 2628 obii-

248 2693 362 2758 quum,
385 2693 452 2756 quc
475 2682 611 2756 apparet
632 2675 820 2742 obscurum.
843 2676 924 2741 Inde
941 2693 1018 2755 ergo
1034 2675 1321 2738 circumferentiae

249 2784 404 2848 videntur
418 2801 580 2848 concavae
593 2785 786 2850 armedium
798 2783 865 2848 reli
877 2786 1039 2860 eminens,
1051 2782 1323 2864 quedestsimiie

248 2893 311 2967 rei,
327 2910 410 2975 quae
425 2911 498 2958 rere
514 2901 564 2957 est
578 2911 687 2960 curva.
708 2897 744 2957 in
761 2891 814 2956 his
829 2901 942 2957 autem
957 2911 1042 2973 quae
1057 2895 1146 2956 visus
1162 2901 1322 2973 penetrat,

251 3010 288 3066 ut
309 3003 431 3068 vitrum
453 3003 493 3068 ab
509 3001 612 3068 aliero
627 3003 769 3068 laterum
783 3021 921 3067 suorum
938 3002 1115 3083 sculptum,
1130 3019 1208 3066 cum
1226 3019 1320 3082 aspe-

248 3112 393 3176 xerimus
415 3112 499 3176 illud
521 3129 541 3176 a
562 3111 666 3176 latere
689 3129 757 3176 non
778 3112 919 3192 sculpto,
938 3111 1108 3191 apparebit
1130 3111 1228 3173 nobis
1249 3110 1321 3190 ipsa

248 3222 443 3301 superficies
472 3237 539 3285 nen
570 3221 686 3300 plana,
715 3229 750 3284 et
778 3221 868 3300 quod
897 3221 975 3284 inde
1007 3227 1058 3283 est
1085 3236 1185 3300 super
1212 3219 1323 3280 lecum

244 3331 460 3394 concavitatis
483 3329 683 3410 sculpturae,
706 3331 877 3412 apparebit
898 3347 1047 3404 curvum,
1063 3337 1096 3392 et
1111 3329 1201 3408 quod
1222 3345 1322 3409 super
1364 3403 1366 3408 Ι

168 3473 173 3488 =
249 3457 392 3505 curvum·
410 3459 449 3505 ex
470 3441 535 3503 alio
557 3440 659 3504 latere
682 3440 822 3520 sculpto,
841 3440 1009 3522 apparebit
1026 3455 1218 3503 concavum.
1230 3439 1322 3501 Tunc

248 3525 339 3615 e'nim
354 3567 471 3614 sensus
487 3567 555 3612 non
570 3549 785 3612 ratiocinatur
800 3551 840 3614 dc
856 3549 962 3629 figura
981 3549 1107 3628 primae
1123 3547 1322 3628 superficiei,

248 3659 409 3723 obviantis
431 3658 498 3734 ilii,
523 3677 582 3738 per
608 3659 747 3738 figuram
771 3660 989 3723 terminorum
1010 3657 1191 3722 visibilium
1213 3657 1322 3720 radio·

214 3782 218 3790 ’
246 3785 337 3843 rum,
359 3770 418 3849 qui
439 3767 561 3832 cadunt
583 3786 683 3849 super
700 3785 784 3842 eam,
801 3769 860 3832 ssd
877 3785 935 3850 per
952 3785 1047 3831 suam
1065 3768 1217 3847 figuram,
1235 3783 1320 3847 quae

248 3985 388 4052 visibilis
417 3989 530 4052 radius
559 3989 674 4052 exierit
700 4004 888 4052 a'concava
916 3973 1101 4068 sculptura,
1129 3987 1192 4048 erit
1218 3986 1324 4066 figura

249 4097 322 4160 eius
336 4113 489 4172 concava,
498 4107 530 4162 et
542 4115 617 4161 cum
631 4099 746 4162 exierit
760 4099 862 4162 aleco
877 4097 1065 4178 sculpturae
1078 4113 1208 4173 curvae,
1219 4095 1323 4175 figura
