3512 5456
1239 551 1302 618 lii

232 661 411 742 pyramidis
434 661 575 743 speculi,
600 662 718 726 accidit
740 662 849 726 simile
870 641 962 727 huic.
986 662 1020 726 Si
1042 662 1132 726 enim
1150 664 1303 744 signave-

231 772 335 835 rimus
358 769 519 836 oirculum
542 773 576 835 in
599 772 772 854 superficie
791 775 874 848 eius,
890 787 921 836 et
935 774 1142 854 posuerimus
1151 771 1301 839 colorem

232 883 302 946 eius
324 882 551 962 splendidum,
573 886 621 946 ita
640 892 678 945 ut
704 884 747 946 sit
773 902 888 964 parum
910 884 1019 948 maior
1041 901 1141 966 quam
1160 883 1302 948 circulus

230 992 317 1055 basis
341 994 532 1074 pyramidis,
556 1002 587 1056 et
608 995 815 1074 posuerimus
837 995 984 1058 medium
1006 995 1077 1058 eius
1099 1012 1197 1075 super
1215 1009 1302 1074 pun-

232 1112 321 1166 ctum
342 1105 362 1164 d
385 1104 535 1183 diligenti
561 1104 837 1185 perscrutatione,
861 1113 893 1168 et
916 1105 1135 1186 aspexerimus
1158 1121 1177 1168 e
1198 1105 1302 1185 capite

231 1215 411 1294 pyramidis
426 1215 607 1278 secundum
623 1215 837 1278 directionem
851 1216 929 1289 axis,
943 1215 1061 1279 accidit
1071 1216 1187 1294 utique
1198 1214 1301 1278 videri

230 1324 400 1399 circulum,
424 1326 481 1404 qui
503 1325 649 1406 signatus
673 1333 723 1388 est
738 1333 826 1389 extra
842 1326 964 1390 basem.
989 1327 1063 1390 Esto
1078 1325 1178 1406 igitur
1191 1326 1301 1413 ipsum

230 1434 400 1516 speculum
415 1437 481 1515 obp
499 1436 561 1515 (tp.
576 1437 628 1511 75)
649 1445 682 1500 et
699 1437 766 1500 axis
785 1437 856 1500 eius
874 1438 931 1513 od,
950 1444 983 1500 ct
1000 1436 1221 1518 producantur
1237 1437 1301 1500 dcc

231 1553 264 1608 et
283 1546 349 1626 tyr
370 1553 403 1610 et
422 1549 504 1626 oph,
528 1548 633 1626 sitque
655 1547 744 1610 visus
762 1566 777 1609 c
798 1555 831 1610 et
851 1565 904 1634 res
923 1547 1064 1610 videnda
1077 1566 1111 1622 r,
1131 1555 1164 1610 et
1185 1546 1302 1610 reinin-

231 1662 324 1736 gatur
338 1657 450 1728 radius
464 1674 502 1722 ex
516 1658 570 1720 his
586 1658 643 1736 qui
656 1658 838 1738 procedunt
853 1659 919 1720 aba
934 1657 1004 1720 ads
1019 1658 1060 1720 ad
1075 1655 1227 1737 aequales
1243 1673 1300 1722 an·

232 1765 336 1844 gulos,
348 1777 385 1832 ut
397 1777 445 1843 et,
464 1779 513 1844 tr,
532 1752 567 1831 et'
578 1768 785 1849 protrahatur
799 1771 844 1832 zie
861 1767 1113 1850 perpendiculus
1130 1785 1227 1848 super
1240 1769 1300 1840 ot.

231 1885 264 1940 et
276 1878 429 1958 iungatur
443 1877 551 1942 lineae
566 1889 613 1951 ct,
636 1897 711 1941 cum
727 1879 825 1944 inerit
839 1879 1005 1959 producta,
1022 1878 1057 1942 in
1072 1879 1103 1940 t.
1123 1878 1266 1942 Punctue
1281 1878 1299 1938 ir

232 2005 307 2068 erpo
331 1989 393 2052 erit
417 1995 503 2054 retro
529 1988 719 2070 speculum,
747 1990 884 2069 angulus
907 1989 997 2053 enim
1018 1989 1082 2052 tor
1103 1995 1154 2051 est
1175 1995 1300 2063 rsoms,

174 2102 179 2114 '
232 2106 263 2160 et
285 2099 423 2178 angulus
443 2101 508 2162 ttt
530 2107 665 2165 acutus..
678 2102 793 2164 Forma
815 2119 891 2180 ergo
909 2100 1055 2181 punctis
1073 2099 1134 2162 erit
1155 2113 1255 2180 penes
1272 2099 1300 2174 t,

232 2217 265 2272 et
278 2226 354 2272 oum
368 2210 480 2274 voluta
493 2211 592 2274 fuerit
605 2211 797 2292 superficies
812 2212 873 2274 isla
895 2211 981 2274 circa
1003 2228 1094 2275 axem
1116 2211 1175 2284 cd,
1198 2218 1230 2272 et
1244 2227 1301 2290 per

230 2320 565 2402 circumscriptionem
585 2339 677 2386 suam
694 2323 909 2386 constituatur
924 2321 1080 2402 pyramis,
1091 2327 1228 2402 puncius
1239 2320 1301 2382 uti·
1382 2365 1383 2370 η

232 2448 294 2510 que
315 2449 334 2494 r
355 2433 557 2496 transeundo
580 2432 750 2496 coustituit
771 2432 930 2496 circulum
953 2449 1054 2512 penes
1076 2432 1188 2495 basem
1208 2429 1300 2494 illius

231 2559 328 2622 super
354 2561 424 2606 rem
449 2543 644 2618 videndam,
679 2552 711 2608 et
743 2551 887 2634 punctus
909 2543 1042 2622 quidem
1070 2543 1088 2603 ir
1115 2542 1177 2606 erit
1203 2559 1302 2624 super

231 2653 371 2716 sormam
394 2656 477 2728 cius,
494 2662 634 2735 punctus
652 2667 783 2735 quoque
798 2665 808 2717 t
822 2669 920 2736 super
938 2653 1301 2728 morimundensem

231 2764 336 2828 forma
358 2785 378 2829 a
399 2765 543 2846 speculo,
564 2767 650 2828 sicut
671 2766 858 2828 invenimus
882 2783 920 2828 ex
941 2765 993 2828 his
1015 2782 1098 2844 quae
1121 2773 1299 2845 apparent,

231 2882 262 2938 et
284 2877 463 2940 secundum
486 2878 650 2958 praedicta
672 2877 842 2957 principia.

168 3051 171 3058 ,
273 2987 368 3051 Fiunt
396 2987 496 3050 etiam
526 2988 560 3049 in
591 2986 733 3068 speculis
756 2986 947 3067 compositis
970 3003 1008 3048 ex
1030 2985 1172 3067 speculis
1194 2985 1300 3066 ligura

229 3097 393 3161 similibus
421 3097 531 3179 plures
559 3099 684 3160 formae
712 3098 759 3160 rei
783 3115 884 3160 unam
912 3098 1090 3178 imaginem
1123 3095 1299 3169 habentis,

230 3224 305 3270 oum
329 3208 403 3272 talis
424 3209 524 3272 fuerit
545 3209 739 3289 compositio
754 3206 895 3288 speculi,
911 3215 949 3271 ut
961 3215 1114 3288 appareat
1127 3206 1298 3287 aspicienti

230 3325 396 3398 tamquam
425 3319 531 3399 figura
559 3317 738 3399 sphaerae,
762 3324 795 3381 et
816 3317 879 3380 hac
901 3318 941 3382 de
963 3333 1064 3382 causa
1087 3315 1297 3395 unumquod-

228 3446 291 3508 que
307 3429 477 3510 speculum
490 3437 602 3511 aptum
617 3437 666 3494 est
679 3447 783 3492 unum
798 3428 910 3492 locum
924 3428 1089 3508 suscipere
1104 3441 1205 3508 penes
1216 3425 1295 3490 viei-

227 3539 310 3604 hilea
333 3541 452 3612 radice.
474 3542 549 3604 Esto
572 3541 674 3604 sectio
693 3540 806 3603 circuli
821 3541 915 3618 cipri
932 3539 996 3618 (Μ.
1009 3536 1083 3613 iiii,
1099 3547 1132 3602 et
1146 3544 1297 3604 centrum

227 3652 299 3716 eius
315 3670 343 3727 c,
366 3659 398 3715 et
418 3652 652 3732 protrahantur
675 3669 732 3731 per
754 3650 910 3731 aequales
930 3649 1100 3720 distantias
1117 3649 1227 3716 tineae
1240 3649 1295 3722 ot,

227 3762 283 3841 tq,
304 3765 362 3842 od,
384 3764 491 3842 sitque
512 3763 602 3826 visus
624 3761 808 3826 secundum
829 3775 931 3824 unam
953 3760 1095 3842 speciem
1117 3761 1152 3824 in
1175 3766 1295 3841 puncto

225 3893 263 3945 c,
291 3881 324 3938 et
349 3874 539 3955 superficies
566 3873 660 3953 obpd
685 3871 728 3934 sit
756 3889 844 3946 una,
871 3876 904 3936 at
932 3878 1075 3936 nauseat
1100 3887 1159 3951 per
1179 3869 1297 3951 ephae-

228 4002 299 4048 ram
321 3990 352 4048 et
375 3985 506 4050 radium
532 3984 734 4057 refractum,
762 3983 894 4063 sintque
919 3983 1024 4058 radii,
1047 3999 1130 4062 quos
1153 3981 1299 4046 continet

226 4095 351 4176 specics
380 4113 437 4176 per
464 4095 726 4178 unumquodque
758 4093 928 4175 speculum
959 4095 993 4156 in
1026 4091 1298 4171 minationibus,
