3520 5466
1297 625 1316 690 ὅ

284 728 319 788 ln
342 730 426 788 lertio
447 746 581 792 sermam
603 732 798 796 continemur
814 749 870 807 ea,
892 749 969 811 puae
988 743 1132 814 apparent
1150 751 1204 814 per
1223 751 1318 797 rean-

243 835 419 898 beralionem
440 841 473 898 in
494 839 620 918 sperulis
639 839 740 918 planis
761 848 790 902 el
810 842 933 914 earnis,
951 850 1129 921 praemaala
1154 845 1242 923 prius
1269 859 1318 907 ea·

241 947 405 1024 perimenla
426 963 480 1026 per
498 949 635 1025 plancam
657 965 783 1022 aeream,
805 965 865 1028 pua
883 950 1031 1030 probatur
1051 952 1130 1028 quad
1151 961 1251 1015 amnes
1272 969 1319 1014 re·

243 1055 457 1118 verberationes
479 1057 514 1118 in
537 1058 631 1120 tribas
652 1060 800 1138 speciebus
821 1059 1032 1141 specularum,
1051 1061 1145 1143 plana
1165 1039 1319 1135 videlieet,

243 1181 334 1226 aurae
350 1175 377 1227 el
399 1183 543 1240 aenaeae,
564 1167 642 1244 iuni
662 1171 702 1232 aa
726 1171 864 1248 aequales
891 1171 1036 1248 ampulas,
1062 1177 1090 1235 ei
1116 1172 1318 1253 eaperimenla

242 1276 357 1338 rabulae
380 1277 496 1349 sinam,
516 1293 573 1357 per
594 1294 686 1355 quam
707 1280 851 1356 probatur
870 1297 935 1342 rma
955 1297 1001 1344 res
1022 1281 1121 1344 aieleri
1140 1284 1176 1345 in
1193 1281 1316 1345 diversis

215 1399 217 1406 ·
242 1385 327 1458 loeis,
348 1395 377 1447 al
396 1387 473 1449 anae
492 1387 528 1447 in
548 1403 627 1460 ana,
650 1396 677 1449 el
696 1405 752 1467 per
774 1406 867 1467 paam
888 1392 977 1453 eiiam
994 1391 1061 1471 ipsa
1080 1393 1144 1455 laea
1162 1389 1318 1470 patefiunt.

281 1494 317 1558 ln
334 1504 441 1574 quarto
462 1514 596 1560 sennam
616 1499 811 1560 aoneimnmr
836 1516 892 1573 ea,
920 1517 996 1579 quae
1021 1509 1169 1582 apparens
1194 1503 1229 1566 in
1254 1517 1319 1583 spe·

243 1608 319 1670 aulis
340 1611 491 1682 eonraais,
514 1618 541 1670 el
561 1627 594 1672 ea
616 1626 693 1688 quae
713 1619 860 1691 appareat
880 1611 915 1673 in
936 1613 1062 1691 sperulis
1089 1614 1272 1694 comparilis,
1295 1621 1323 1678 ee

244 1737 320 1798 auae
340 1721 481 1783 videniur
500 1737 556 1800 per
576 1722 638 1784 dna
659 1729 714 1784 am
733 1721 971 1802 plara-spuma.

284 1831 319 1894 ln
340 1831 445 1910 quinia
466 1848 620 1905 sermone,
649 1832 788 1910 quamvis
809 1833 848 1894 sil
868 1833 1068 1913 imperfectus,
1091 1835 1226 1914 loquitar
1247 1833 1320 1897 Ἠιο-

243 1943 374 2004 lmnaeus
391 1942 426 2002 cle
446 1940 574 2018 slaniane
595 1940 761 2006 visibilium
781 1942 963 2018 radiorum,
987 1960 1064 2021 qaae
1084 1960 1199 2026 seraper
1220 1942 1256 2023 fil
1282 1944 1321 2007 ael

243 2053 367 2131 ampulas
387 2051 579 2131 inaequales,
600 2061 629 2114 el
649 2053 684 2114 de
705 2051 773 2126 lais,
795 2069 872 2131 puae
891 2051 960 2115 inde
980 2063 1148 2135 apparent,
1170 2070 1240 2117 amm
1260 2055 1321 2117 dua

242 2180 365 2242 corpora
384 2161 543 2226 dissimilia
564 2164 694 2224 sualane
713 2161 794 2224 inter
814 2163 1004 2241 aspicientem
1031 2173 1060 2226 el
1085 2179 1132 2228 res
1158 2163 1321 2237 videndas.

242 2289 373 2352 quarmn
394 2273 522 2336 alterum
543 2272 584 2333 sn
603 2274 733 2349 pressius
753 2271 867 2347 allera;
888 2281 917 2334 ee
937 2273 1017 2352 quael
1037 2275 1157 2337 ridetur
1177 2273 1213 2337 ele
1233 2271 1324 2338 mili·

243 2385 314 2447 lieri
335 2399 455 2470 earpare
474 2383 510 2446 in
530 2358 584 2444 illa
604 2383 684 2461 quai
705 2390 747 2444 esi
766 2382 919 2460 pressius,
941 2399 1055 2466 semper
1075 2389 1200 2466 apparel
1219 2383 1320 2448 maius

244 2511 335 2574 quam
355 2495 422 2574 ipsa
443 2509 511 2568 res,
533 2493 615 2555 velen
636 2493 669 2556 iel
690 2493 771 2572 quai
796 2493 917 2556 viderur
943 2493 979 2554 al
1009 2509 1076 2556 aere
1104 2495 1137 2558 in
1165 2509 1265 2573 apua,
1297 2501 1324 2558 ea

245 2614 356 2682 quamn
377 2604 473 2681 mapis
493 2603 617 2683 spissius
643 2619 752 2682 aarpus
779 2603 872 2680 luerit
895 2601 1098 2684 profandius,
1125 2619 1171 2665 res
1199 2610 1324 2684 apparel

243 2715 350 2778 maiar.
373 2712 454 2776 Illud
473 2729 542 2800 aera
564 2713 644 2791 quaa
665 2731 684 2774 a
703 2713 845 2790 pressiori
865 2714 983 2776 vilelar
1008 2715 1042 2776 in
1069 2711 1222 2776 marilias·
1234 2761 1241 2788 ,
1269 2729 1324 2796 ap·

240 2833 327 2904 paret
339 2825 452 2897 minus,
466 2831 493 2884 el
507 2830 619 2905 quanio
635 2823 730 2901 mapis
747 2821 886 2886 subtilius
902 2839 1010 2903 eorpus
1023 2825 1114 2901 [aerii
1129 2823 1323 2902 propmslim,

244 2943 367 3014 apparel
377 2935 489 2996 minus.
501 2907 585 3006 ‘oum
597 2935 699 2996 amaia
710 2932 816 3014 probae
828 2950 885 3013 per
898 2934 1016 2997 diversa
1027 2936 1240 3013 eaperimema,
1251 2949 1325 3011 qua-

243 3061 315 3106 rum
336 3045 462 3106 alteram
484 3052 526 3106 esi
546 3060 611 3117 aas,
634 3043 714 3121 quoa
732 3053 856 3108 aeratae
869 3041 976 3116 fastis,
991 3042 1122 3105 alierum
1135 3059 1204 3105 nera
1216 3043 1326 3123 planen

244 3171 351 3226 aerea,
373 3164 399 3218 er
423 3155 651 3232 semiaplinelrus
672 3155 783 3216 vitreus
805 3154 841 3215 in
862 3155 928 3233 ipsa
947 3153 1057 3233 planen
1084 3149 1187 3229 fiam,
1216 3160 1244 3212 ei
1268 3167 1326 3232 per

243 3265 352 3326 erebum
374 3273 401 3327 el
423 3265 619 3342 cylindrum,
642 3271 669 3323 el
689 3279 743 3341 per
764 3263 875 3326 auium
897 3277 1062 3325 aaaeaaum
1083 3277 1121 3324 ea
1143 3261 1224 3324 vilra
1245 3277 1325 3342 eorn-

241 3376 346 3454 pasila.
368 3373 403 3436 ln
421 3374 582 3454 praedialis
604 3381 705 3434 autem
725 3372 832 3445 rebus,
854 3389 930 3450 qnae
954 3389 1009 3452 per
1036 3371 1194 3448 tleaianem
1222 3370 1324 3433 uiden·

244 3494 313 3557 aar,
335 3486 471 3562 quamvis
497 3483 688 3546 Thalamaeas
708 3499 770 3544 aaa
792 3481 945 3562 reprimat
965 3483 998 3544 in
1026 3458 1073 3543 ais
1097 3497 1174 3560 quae
1201 3479 1323 3544 inventa
1367 3538 1371 3546 ,

245 3604 316 3656 mni
337 3597 372 3659 ele
391 3598 496 3672 quiam
517 3609 667 3666 sannone,
689 3593 918 3670 intelligendam
938 3599 995 3665 esl,
1017 3593 1098 3670 quael
1118 3591 1237 3659 deleam
1250 3599 1326 3652 reale

245 3706 358 3784 aspiri,
380 3713 407 3766 el
427 3722 489 3766 aaa
510 3721 547 3766 ea
566 3703 695 3782 obliqua.
717 3704 768 3764 Res
789 3705 891 3776 enim,
913 3719 990 3781 qaae
1017 3709 1077 3765 iam
1103 3703 1185 3778 inira
1212 3717 1325 3779 aquam

243 3823 325 3880 stans
346 3833 384 3877 ea
405 3814 520 3892 alliquo
542 3813 578 3876 ai
599 3830 666 3878 aere
686 3813 853 3892 aspieirm,
874 3829 936 3875 nan
957 3812 1062 3890 ulique
1083 3813 1199 3882 maiar,
1218 3826 1325 3873 aarum
1372 3851 1376 3862 ·

245 3925 333 3987 eliam
356 3923 472 3989 breviar
493 3931 629 4004 apparel.
