3520 5466
432 613 473 676 10

431 721 564 786 subtilis
581 726 653 796 est,
682 737 745 784 nec
764 720 865 786 habet
893 720 1130 800 quantitatem,
1152 737 1220 800 qua
1241 719 1412 788 sensibile
1432 721 1509 799 flat3
1576 775 1582 784 .

431 834 492 896 sed
519 849 596 896 cum
619 830 885 906 ¹condensabitur
916 849 996 906 aer,
1030 831 1089 912 qni
1116 831 1296 896 continuus
1325 838 1377 896 est
1404 831 1457 894 illi
1479 839 1512 896 ot

433 942 531 1006 nohis
552 941 773 1023 propinquus,
800 947 881 1004 tnnc
901 940 1119 1021 intelligimus
1140 941 1288 1006 colorem
1310 948 1344 1006 ct
1370 941 1512 1022 figuram

432 1053 523 1127 eins,
545 1051 706 1132 qnoniam
727 1051 820 1114 color
840 1050 877 1112 in
898 1051 1003 1114 multa
1023 1051 1247 1132 profunditate
1268 1052 1375 1115 factus
1398 1053 1441 1118 ad
1462 1051 1512 1114 in·

432 1162 536 1226 vicem
559 1162 749 1236 continuus,
771 1161 809 1224 lit
829 1162 938 1241 magis
960 1168 1152 1242 corporatus
1169 1169 1202 1226 et
1216 1161 1411 1238 evidentior,
1425 1169 1463 1224 ut
1478 1161 1512 1225 id

434 1272 524 1352 quod
544 1272 581 1334 in
603 1287 692 1352 aqua
711 1271 867 1336 similiter
886 1271 1015 1336 accidit.
1036 1273 1119 1336 item
1146 1272 1175 1334 si
1196 1272 1438 1354 sumpserimus
1457 1287 1513 1334 cc·

434 1381 539 1448 iorem
555 1383 590 1444 in
608 1361 725 1462 aliquo
735 1381 895 1458 humore,
910 1388 944 1446 et
958 1382 1229 1469 coniungerimus
1252 1399 1329 1446 oum
1351 1399 1391 1446 eo
1410 1380 1514 1446 alium

435 1492 581 1557 similem
604 1492 749 1557 colorem
773 1493 815 1556 ad
836 1492 1054 1572 designandas
1075 1492 1110 1556 in
1133 1492 1207 1574 ipso
1227 1493 1368 1556 humore
1385 1509 1446 1598 per
1466 1493 1514 1556 si·

434 1603 551 1668 milam
584 1603 731 1668 colorem
764 1603 927 1684 imagines
960 1609 993 1668 et
1024 1583 1148 1684 Quies
1181 1604 1354 1680 divenses,
1385 1601 1515 1668 colores

437 1715 551 1794 utique
573 1732 686 1778 rorum
709 1714 954 1794 designantium
976 1715 1177 1778 videbuntur
1196 1714 1336 1778 insimul
1357 1731 1434 1778 oum
1449 1715 1514 1778 lint

436 1842 528 1888 moro
543 1842 600 1888 eos
615 1824 853 1901 circumdante,
870 1825 929 1905 qui
947 1825 1090 1888 eundem
1104 1825 1204 1888 habet
1219 1824 1374 1899 colorem,
1390 1825 1515 1905 figurae

437 1941 549 1999 autem
569 1951 637 1996 non
659 1934 870 2009 videbuntur,
885 1953 948 1998 nac
962 1935 1145 2010 distantiae,
1161 1953 1225 2014 neo
1242 1935 1449 2010 diversitates
1461 1953 1517 1998 ea·

438 2061 513 2107 mm
536 2044 580 2107 ad
594 2043 739 2108 invicem
753 2045 938 2110 secundum
953 2045 1059 2125 magis
1075 2053 1107 2108 et
1121 2047 1244 2108 minus.
1260 2047 1387 2108 Rursus
1404 2045 1518 2108 omnia

437 2171 525 2235 qnae
545 2159 626 2218 sunt
648 2153 810 2228 colorum,
827 2159 986 2236 apparent
1002 2153 1152 2234 quolibet
1166 2154 1232 2216 alio
1248 2155 1348 2217 modo
1365 2171 1422 2234 per
1438 2170 1520 2216 con·
1618 2233 1623 2244 ¹

438 2265 552 2326 tinuos
563 2265 725 2326 terminos
741 2281 853 2327 rernm
866 2263 1091 2340 dissimilium,
1104 2264 1385 2342 quemadmodum
1399 2263 1518 2342 positio

436 2373 691 2438 distinctionum
714 2380 849 2454 apparet
869 2391 929 2453 per
950 2372 1055 2437 lineas
1071 2374 1254 2436 dividentes
1277 2372 1353 2436 illas
1375 2369 1518 2448 tantum,

440 2484 508 2546 sive
530 2484 588 2546 flat
608 2501 667 2564 per
683 2482 890 2547 diversitates
905 2484 1058 2547 omnium
1073 2483 1234 2560 colorum,
1257 2502 1317 2547 sou
1335 2502 1393 2565 per
1406 2501 1519 2547 veram

439 2593 709 2668 similitudinem,
732 2610 818 2673 quae
840 2599 976 2674 apparet
996 2612 1056 2674 ρετ
1077 2594 1331 2674 designationes.
1356 2595 1439 2659 ltem
1462 2595 1522 2658 oir-

441 2701 653 2783 cumscriptio
684 2703 867 2783 dgurarum
894 2703 973 2766 iacit
1001 2691 1220 2770 mutationem
1243 2705 1277 2768 in
1300 2704 1521 2771 similitudine

441 2812 647 2892 imaginum,
675 2814 734 2876 sed
761 2831 829 2876 non
852 2814 1010 2877 dicuntur
1031 2814 1093 2877 hac
1114 2815 1154 2878 dc
1177 2831 1278 2878 causa
1299 2831 1374 2878 vere
1397 2802 1521 2888 videri,

419 2977 420 2981 ,
442 2923 550 3004 primo
572 2922 709 3002 quidem
730 2925 810 3002 quia
831 2941 927 3000 cum,
948 2924 1036 2988 sicut
1057 2924 1221 2999 diximus,
1243 2923 1335 2988 color
1354 2923 1523 2988 linearum

441 3033 621 3098 continuus
648 3040 680 3097 et
706 3033 798 3098 color
825 3034 1046 3098 terminabilis
1080 3042 1114 3098 et
1140 3035 1269 3099 colores
1292 3036 1523 3100 universarum

442 3145 687 3224 designatarum
719 3162 833 3208 rorum
867 3163 936 3208 non
971 3145 1127 3207 differant
1159 3147 1257 3208 modo
1284 3145 1434 3225 quolibet
1465 3163 1525 3225 per

444 3255 660 3318 mutationem
683 3255 862 3318 accidentis
890 3254 963 3318 eius
985 3253 1125 3330 coloris,
1143 3254 1262 3320 accidit
1273 3256 1355 3318 ‘inde
1370 3254 1445 3320 illas
1460 3256 1523 3334 pri·

440 3363 514 3426 vari
534 3381 593 3443 ρετ
615 3364 805 3439 consimile,
827 3381 982 3428 necnon
1004 3370 1037 3428 ct
1057 3371 1190 3446 propter
1212 3371 1382 3446 aspectum
1398 3365 1522 3444 figurae
1584 3437 1593 3456 ·

436 3489 544 3548 snae,
568 3490 644 3536 cum
666 3474 702 3536 in
725 3493 764 3538 ea
785 3474 881 3538 nulla
902 3477 1077 3538 continens
1097 3475 1188 3540 linea
1210 3479 1354 3559 apparet.
1384 3478 1421 3538 llt
1444 3494 1525 3557 quo-

433 3583 538 3646 niam
560 3584 746 3647 secundum
761 3585 986 3650 universalem
1003 3584 1277 3660 similitudinem,
1300 3603 1388 3666 quae
1407 3587 1444 3648 in
1466 3585 1526 3649 dit-

446 3694 595 3756 lcrentiis
617 3693 766 3774 ipsarum
788 3695 972 3776 figurarum
994 3702 1066 3770 est,
1087 3697 1257 3776 indigetur
1279 3695 1392 3778 aliquo
1415 3694 1526 3760 colors

446 3783 622 3868 ostensuro
650 3805 914 3886 designationes,
936 3823 1089 3870 necnon
1112 3814 1144 3870 et
1166 3807 1245 3887 quia
1268 3805 1396 3886 aliquid
1418 3825 1456 3870 ex
1478 3805 1526 3870 eis

407 3913 410 3922 ’
447 3913 622 3978 manifeste
647 3933 716 3978 non
747 3915 916 3996 apparebit
936 3915 1010 3980 sine
1023 3914 1161 3991 'colore;
1184 3916 1370 3982 secundum
1392 3915 1528 3980 diversi·

434 4030 528 4088 tates
551 4032 671 4101 autem,
696 4007 781 4106 quac
802 4033 884 4088 sunt
902 4025 939 4087 in
962 4025 1042 4088 solis
1057 4025 1239 4101 coloribus,
1253 4025 1360 4106 figura
1375 4025 1528 4092 colorum

437 4131 678 4212 dissimilium,
701 4134 861 4218 quoniam
877 4136 998 4210 innexa
1013 4136 1144 4212 osteis,
1167 4137 1266 4202 debet
1280 4153 1436 4220 apparere
1451 4151 1529 4200 cum

451 4246 655 4326 apparitione
679 4264 807 4313 eorum.
