3520 5466
445 605 494 670 li'

443 733 544 799 quam
560 714 651 780 'illud
665 713 755 798 quod
768 713 805 778 in
819 711 978 779 lateribus
999 729 1058 795 per
1071 711 1225 780 laterales
1247 713 1422 798 aspicitur,
1448 735 1528 800 qno·

443 827 534 892 niam
558 825 811 910 propinquiores
839 831 917 888 suut
942 822 1131 906 privationi.
1158 823 1221 890 llla
1245 843 1324 890 vero
1346 845 1432 908 quae
1453 845 1525 894 suc-

443 937 564 1002 cedunt
584 937 657 1014 axi,
679 937 859 1000 remotiora
879 941 958 998 sunt
979 952 999 998 a
1019 934 1211 1016 privatione.
1236 934 1396 1002 Similiter
1422 937 1524 1004 etiam

444 1055 477 1112 et
491 1066 540 1122 ca,
555 1065 640 1128 quae
654 1045 782 1109 suntin
799 1045 909 1110 madio
923 1045 1111 1110 sectionum
1125 1045 1353 1126 sphaerarum,
1367 1048 1458 1128 quod
1475 1054 1525 1112 sat

442 1157 641 1240 principium
663 1156 854 1240 pyramidis,
866 1155 953 1219 ‘oum
973 1155 1175 1237 principium
1196 1156 1301 1238 ipsius
1315 1156 1475 1238 sphaerae
1491 1165 1524 1222 at

440 1269 582 1332 virtutes
599 1285 685 1348 quas
704 1265 967 1348 appropinquent
980 1265 1152 1348 principiis
1168 1264 1327 1348 propriis,
1335 1266 1403 1330 sint
1417 1265 1526 1332 effica-

442 1377 567 1457 ciores,
588 1383 701 1458 utpote
721 1378 826 1442 iactus
847 1376 1016 1452 iactantis,
1040 1383 1074 1440 et
1093 1374 1266 1442 celeiactio
1287 1375 1523 1453 calefacientis,

442 1494 476 1554 ot
495 1487 697 1551 illuminatio
718 1487 960 1562 illuminantis,
981 1493 1014 1551 et
1034 1487 1284 1568 quantomagis
1306 1504 1326 1552 a
1346 1486 1520 1570 principiis

443 1597 655 1678 elongantur,
676 1603 767 1662 tauto
790 1595 968 1660 debiliores
990 1597 1083 1660 liunt.
1107 1598 1188 1662 ilum
1201 1597 1302 1677 igitur
1321 1597 1524 1680 principium

441 1707 581 1774 visibilis
608 1708 695 1772 redii
721 1708 757 1770 in
784 1707 890 1788 figura
920 1707 1103 1790 pyramidis
1131 1708 1175 1770 sit
1205 1707 1345 1790 duplex,
1379 1706 1522 1774 alterum
1563 1719 1566 1726 ⁴

442 1819 580 1900 quidem
601 1817 638 1880 in
659 1819 769 1882 medio
791 1818 951 1900 sphaerae
966 1819 1004 1880 in
1016 1836 1085 1882 uno
1099 1823 1234 1900 puncto,
1252 1819 1341 1900 quod
1359 1824 1409 1882 est
1424 1825 1523 1902 caput

441 1929 646 2012 pyramidis,
669 1929 811 2002 alterum
832 1946 910 1994 vero
932 1935 983 1994 ast
1002 1933 1093 1994 recta
1113 1927 1217 2003 linea,
1237 1946 1322 2009 qrrae
1345 1928 1462 2012 incipit
1479 1931 1521 1994 ab

441 2041 505 2104 isto
526 2041 615 2116 loco,
635 2040 841 2122 protenditur
861 2057 921 2122 per
942 2045 1046 2104 totam
1066 2038 1309 2120 longitudinem
1331 2045 1430 2104 otest
1451 2040 1521 2106 axis

442 2150 579 2231 flguraa;
602 2156 730 2232 oportet
750 2156 788 2212 ut
802 2156 951 2232 aspectus
969 2151 1052 2225 eius,
1066 2150 1157 2231 quod
1174 2149 1349 2230 elongatur
1371 2167 1391 2214 a
1412 2151 1520 2233 capite

441 2261 640 2343 pyramidis,
663 2260 721 2323 flat
741 2277 819 2323 cum
839 2260 933 2325 radio
957 2259 1082 2323 minori
1098 2260 1134 2322 in
1149 2259 1269 2324 virtute
1291 2277 1393 2342 quam
1414 2259 1523 2336 illius,

442 2370 537 2434 cuius
569 2370 724 2434 distantia
749 2376 802 2436 est
830 2371 1008 2434 moderata.
1042 2369 1202 2434 Similiter
1227 2370 1328 2433 etiam
1350 2388 1411 2447 ea,
1438 2389 1524 2452 quae

443 2487 572 2544 remota
602 2482 748 2546 suntab
778 2499 836 2546 axe
864 2487 1016 2563 respectu
1045 2479 1200 2556 illorum,
1222 2499 1308 2564 quae
1334 2482 1524 2566 propinqua

445 2589 591 2655 suntsi.

488 2699 637 2763 Diximus
665 2717 744 2782 argo
772 2717 857 2782 quae
878 2709 958 2765 sunt
978 2701 1058 2780 illa,
1088 2719 1176 2786 quae
1197 2719 1274 2791 vere
1297 2703 1470 2778 videntur,
1493 2711 1527 2768 et

445 2827 530 2890 quae
552 2812 671 2892 primo,
695 2817 728 2876 et
750 2830 836 2893 quae
857 2819 1047 2892 sequenter.
1071 2813 1220 2876 Diximus
1244 2813 1345 2878 etiam
1367 2831 1453 2893 quac
1474 2814 1522 2876 vi·

443 2921 565 2984 dantur
586 2921 703 3002 magis,
725 2928 757 2986 et
779 2939 866 3004 quea
894 2923 1016 2987 minus.
1039 2924 1208 2988 Tenebrae
1226 2930 1339 2988 autem
1354 2938 1524 3003 nusquam

445 3031 620 3106 videntur,
651 3033 711 3099 sed
744 3033 977 3113 cognoscimus
1006 3051 1064 3098 eas
1091 3051 1151 3114 per
1178 3033 1411 3108 vacationem,
1441 3050 1527 3113 quae

445 3141 565 3204 accidit
585 3142 690 3222 visui3
713 3143 997 3224 quemadmodum
1027 3159 1239 3224 naquaquam
1263 3143 1420 3207 audimus
1442 3142 1526 3206 taci-

443 3251 659 3327 turnitatem,
690 3249 923 3318 verumtamen
953 3255 1184 3336 cognoscimus
1206 3271 1281 3318 cam
1303 3272 1363 3334 per
1384 3255 1527 3318 vacatio·

441 3377 520 3424 nem
543 3362 698 3438 auditus,
729 3349 768 3427 et*
790 3363 1025 3428 universaliter
1046 3364 1281 3446 cognoscimus
1302 3365 1432 3446 species
1453 3365 1524 3447 pri-

443 3470 589 3533 vationis
619 3489 679 3550 per
707 3472 913 3537 vacationem
942 3473 1182 3538 sensibilitatis.
1205 3474 1426 3548 Quantitatcm
1446 3492 1526 3538 vero

444 3578 590 3642 illorum.
603 3581 834 3662 cognoscimus
855 3601 915 3664 per
936 3584 1097 3646 terminos
1118 3589 1275 3660 actuum,
1297 3585 1386 3648 sicin
1405 3601 1527 3665 cogno-

444 3689 569 3754 scimus
584 3693 804 3772 quantitatem
818 3693 885 3758 loci
898 3693 1067 3758 tenebrosi
1079 3697 1144 3775 pcr'
1153 3694 1359 3759 continentes
1374 3694 1523 3758 lucidum

444 3801 616 3877 terminos,
629 3809 663 3866 et
677 3805 909 3884 cognoscimus
924 3803 1159 3870 taciturnitatis
1174 3804 1336 3868 terminos
1351 3804 1526 3886 perlinam

442 3917 476 3976 et
495 3911 698 3994 principium
720 3913 821 3976 vocis.

490 4022 529 4083 Et
543 4021 623 4101 quia
638 4021 707 4088 iarn
723 4023 876 4098 diximm,
892 4025 985 4105 quod
998 4023 1091 4090 modi
1106 4022 1230 4104 quibus
1243 4023 1400 4088 videntur
1411 4041 1465 4089 ras
1478 4022 1525 4088 vi-

446 4131 585 4211 dendae,
600 4138 681 4200 sunt
697 4133 721 4220 [.
731 4134 790 4220 ..tl
806 4134 955 4202 secunda
967 4134 1109 4220 species,
1124 4133 1228 4202 altera
1241 4151 1345 4220 quarn
1358 4134 1443 4200 illud
1458 4152 1525 4220 quo
