3520 5466
1264 627 1313 692 ii'

230 741 358 804 duobus
380 739 482 816 locis;
507 747 538 803 et
560 755 637 801 cum
658 737 876 801 clauserimus
899 738 951 802 vel
966 737 1144 802 texerimus
1166 736 1309 804 alterum

231 849 427 924 oculorum,
451 849 563 912 statim
586 848 804 912 abscondetur
824 847 859 910 id
881 848 970 930 quod
990 849 1090 914 estin
1113 847 1216 912 altero
1232 849 1311 914 duo·

231 979 307 1023 rum
321 959 492 1034 locorum,
509 965 540 1022 et
556 951 740 1022 remanebit
755 957 896 1022 alierum
912 975 1092 1039 apparens,
1110 959 1310 1040 quandoque

230 1070 366 1152 quidem
388 1069 483 1144 illud,
503 1069 592 1150 quod
609 1075 660 1132 est
673 1061 789 1132 versus
804 1067 938 1134 oculum
954 1076 1090 1144 tectum,
1108 1070 1309 1150 quandoque

228 1200 308 1245 vero
330 1181 420 1262 quod
442 1186 491 1243 est
505 1197 617 1243 versus
634 1173 777 1243 alterum
792 1177 937 1242 oculum.
952 1179 1045 1253 Quod
1060 1179 1176 1261 utique
1191 1179 1310 1244 leviter

227 1289 445 1370 intelligetur,
463 1289 492 1351 ei
507 1287 744 1353 tentaverimus
760 1287 844 1352 illud
859 1307 1022 1371 exponere
1037 1287 1096 1352 tali
1110 1289 1220 1354 modo.
1244 1307 1260 1380 '.

268 1400 493 1465 constituatur
508 1399 625 1479 regula
638 1399 748 1463 brevis
765 1406 797 1462 et
811 1400 876 1462 duo
892 1398 1036 1481 cylindri
1052 1399 1188 1464 subtiles
1203 1399 1308 1480 longi,

230 1517 353 1576 stantes
376 1525 476 1592 super
498 1527 573 1574 earn
596 1510 767 1574 adrectos
790 1503 938 1590 angulos,
961 1516 994 1573 et
1007 1509 1058 1573 sit
1080 1509 1238 1574 distantia
1260 1505 1307 1574 al·

229 1622 332 1686 terius
355 1621 395 1684 ab
417 1620 520 1692 altero
543 1627 577 1684 et
602 1621 643 1684 ab
673 1619 933 1684 extremitatibus
955 1619 1090 1700 regulae
1118 1622 1308 1698 moderata;

229 1737 262 1795 et
287 1737 435 1813 ponatur
459 1730 564 1794 altere
592 1730 838 1794 extremitatum
861 1729 947 1792 inter
968 1727 1106 1805 oculos,
1128 1730 1176 1793 ita
1196 1738 1234 1793 ut
1255 1747 1309 1812 cy·
1382 1721 1386 1728 ’

230 1842 330 1904 lindri
356 1841 423 1904 sint
461 1859 561 1921 snper
593 1847 716 1904 rectam
742 1840 867 1904 lineam
896 1845 1039 1904 stantem
1066 1859 1165 1923 super
1191 1841 1312 1904 distan-

230 1953 320 2026 tiam,
336 1971 420 2033 quac
436 1958 484 2014 est
499 1953 588 2014 inter
603 1949 715 2014 oculos
731 1951 773 2014 ad
789 1956 896 2015 rectos
913 1950 1062 2032 angulos.
1086 1951 1121 2016 Si
1139 1967 1218 2032 ergo
1233 1969 1310 2015 cum

230 2063 335 2127 oculis
358 2064 479 2126 nostris
503 2063 708 2126 tenderimus
731 2061 773 2126 ad
794 2062 1064 2144 propinquiorem
1087 2058 1184 2126 nobis
1205 2063 1310 2144 ¹cylin-

230 2176 343 2250 drum,
365 2173 554 2237 videbimus
570 2191 648 2236 eum
664 2191 783 2251 unum;
807 2173 950 2237 alterum
961 2189 1049 2237 -vcro
1072 2174 1130 2255 qui
1153 2175 1313 2238 remotior

231 2289 296 2359 est,
315 2283 415 2362 duos3
433 2289 556 2347 etcum
574 2282 792 2346 clauserimus
811 2281 951 2347 alterum
968 2281 1155 2359 oculorum,
1174 2284 1311 2347 abscon-

231 2394 327 2486 detur
353 2394 392 2457 de
419 2392 543 2472 duplici
572 2391 722 2475 cylindro
745 2393 779 2456 id
801 2393 891 2474 quod
914 2401 963 2457 est
985 2394 1173 2476 oppositum
1199 2394 1309 2457 eidem

230 2504 327 2567 oculo
355 2504 394 2566 de
423 2504 550 2567 duabus
579 2503 694 2566 formis
728 2503 811 2567 eius.
843 2503 877 2566 Si
904 2521 979 2567 vero
1003 2504 1207 2568 tenderimus
1231 2517 1309 2568 oum

229 2613 335 2677 oculis
353 2615 476 2678 nostris
490 2614 532 2678 ad
546 2599 760 2677 remotiorem
775 2612 975 2695 cylindrum,
990 2632 1105 2680 rursus
1120 2613 1308 2678 videbimus

229 2741 307 2788 eum
329 2741 447 2799 unum,
465 2729 497 2788 et
509 2722 697 2787 videbimus
712 2724 984 2806 propinquiorem
1004 2725 1040 2787 in
1064 2725 1193 2788 duchns
1209 2724 1307 2803 locis;

230 2841 262 2898 et
283 2835 311 2897 si
333 2833 552 2899 clauserimus
575 2832 716 2897 alterum
739 2833 925 2910 oculorum,
945 2835 1165 2898 abscondetur
1186 2834 1226 2898 de
1249 2835 1309 2897 du·

230 2943 306 3026 plici
324 2935 475 3026 cylindro
490 2943 535 3021 id,
548 2945 638 3024 quod
652 2945 691 3008 de
707 2945 834 3008 duabus
850 2945 964 3024 figuris
980 2945 1051 3008 eius
1066 2950 1115 3008 est
1129 2946 1165 3006 in
1181 2941 1311 3008 diversa·

230 3061 320 3135 parte
335 3053 426 3118 illius
443 3053 542 3118 oculi.
559 3053 652 3130 Quod
666 3054 766 3135 igitur
780 3055 1044 3136 unumquodque
1059 3054 1199 3118 istorum
1221 3055 1306 3117 acci·

233 3166 296 3241 dat,
312 3171 343 3228 et
357 3181 499 3246 sequens
516 3165 559 3228 sit
573 3166 630 3228 his
647 3181 731 3246 quac
746 3165 1007 3246 praeposuimus,
1025 3164 1236 3246 dignoscetur
1251 3181 1310 3246 per

230 3275 317 3340 hanc
339 3275 489 3356 figuram.

272 3385 344 3449 Sint
366 3386 471 3467 capita
493 3369 704 3468 pyramidum
728 3384 790 3466 (pp.
809 3385 839 3464 1)
863 3385 977 3466 puncti
998 3386 1061 3460 ab,
1076 3391 1109 3449 et
1123 3385 1166 3448 sii
1180 3385 1196 3448 b
1210 3403 1309 3467 super

230 3497 378 3560 dextrum
401 3496 536 3560 oculum
560 3503 591 3561 ei
613 3517 632 3561 c
654 3513 754 3579 super
776 3496 969 3571 sinistrum,
992 3497 1124 3578 sintque
1147 3515 1246 3578 super
1267 3496 1306 3559 li-

230 3623 328 3670 neam
349 3605 669 3688 perpendicularem,
692 3625 777 3688 quae
800 3612 850 3670 est
870 3623 970 3688 super
984 3627 1004 3672 c
1018 3607 1046 3683 t,
1071 3607 1112 3670 ad
1125 3613 1234 3670 rectos
1250 3625 1307 3670 an-

227 3717 322 3798 gulos
345 3717 411 3779 duo
434 3717 575 3799 cylindri
598 3717 709 3792 erecti,
727 3715 881 3781 videlicet
895 3737 922 3798 p,
934 3718 964 3791 d,
980 3723 1013 3781 et
1028 3717 1251 3797 producantur
1268 3718 1309 3781 ad

228 3845 284 3890 eos
308 3829 348 3890 ab
371 3827 464 3891 omni
482 3827 588 3909 capite
605 3828 745 3892 duarum
761 3827 972 3910 pyramidum
987 3827 1073 3891 radii
1088 3848 1106 3891 c
1116 3848 1145 3908 q,
1169 3828 1184 3890 b
1194 3847 1224 3907 p,
1247 3831 1306 3902 cd,

232 3939 290 4013 bd,
312 3943 345 4001 et
367 3938 540 4002 tendamus
564 3939 654 4019 prius
678 3957 754 4002 cum
769 3937 842 4001 visu
860 3943 972 4003 nostro
989 3940 1079 4020 adp,
1094 3939 1153 4019 qui
1169 3944 1217 4002 est
1231 3956 1306 4019 pro·

231 4049 399 4130 pinqnior3
415 4056 512 4113 erunt
528 4068 604 4130 ergo
621 4069 664 4129 cp
679 4057 711 4113 et
727 4051 767 4131 lp
783 4067 884 4131 super
897 4050 987 4131 ipsos
1002 4067 1088 4114 axes.
1104 4049 1149 4112 De
1162 4048 1305 4112 residuis

231 4175 307 4222 vero
323 4158 454 4224 duobus
468 4159 580 4238 radiis,
596 4163 641 4224 cd
656 4161 717 4225 erit
728 4177 817 4224 unus
829 4161 869 4225 de
883 4159 1026 4224 sinistris
1038 4157 1153 4238 radiis3
1168 4156 1306 4225 manile·
