3512 5456
435 551 495 624 tls

433 673 501 728 ctos
515 683 544 740 r,
559 680 596 739 o,
619 681 681 737 nec
703 664 781 730 inde
805 663 963 746 contingit
978 663 1333 746 aliquod'contrarium
1349 667 1403 732 bis
1421 683 1506 750 quoe

429 775 695 858 praeposuimus.
719 776 812 850 Quod
828 784 938 840 antem
954 775 996 842 ab
1009 778 1074 842 ista
1091 777 1361 842 circumferentia
1375 798 1443 843 non
1458 799 1509 845 re·

430 884 585 964 fringitur
607 885 649 948 ad
662 885 818 966 aequales
835 885 973 966 angulos
989 887 1056 950 nisi
1071 905 1160 952 unus
1177 889 1305 962 radius,
1322 888 1385 952 erit
1400 889 1508 954 meni·

432 994 554 1058 lestum
576 995 663 1060 sicut
686 995 937 1076 explicabimus3
960 1003 1055 1062 etue
1077 997 1135 1062 det
1156 997 1309 1063 conlusio
1332 999 1367 1062 in
1387 999 1508 1079 figura,

433 1106 631 1170 arbitremur
651 1113 810 1186 utrosque
833 1114 973 1188 punctos
988 1126 1018 1181 r,
1031 1126 1054 1170 o
1073 1125 1144 1172 esse
1159 1126 1259 1187 super
1274 1109 1510 1176 circumferen-

432 1215 527 1292 tiam,
544 1216 584 1280 de
600 1217 822 1296 qua-diximus
839 1216 997 1296 possibile
1014 1235 1086 1282 esse
1101 1218 1173 1282 fieri
1189 1217 1506 1296 reverberationem

329 1311 334 1318 ¹
430 1332 464 1388 et
470 1325 507 1400 si
521 1327 678 1406 possibile
693 1334 753 1402 εει,
767 1327 993 1408 refringantur
1008 1346 1047 1392 er
1061 1327 1109 1390 eis
1124 1329 1190 1392 duo
1205 1329 1290 1392 radii
1303 1329 1343 1394 ad
1355 1329 1507 1409 aequales

432 1437 582 1517 angulos.
614 1438 682 1500 Ilrit
715 1453 792 1518 ergo
820 1438 899 1502 inde
925 1438 1094 1519 proportio
1120 1457 1167 1532 τε
1190 1440 1231 1502 ad
1256 1439 1298 1502 ab
1324 1441 1409 1504 sicut
1434 1456 1508 1519 pro·

431 1547 541 1628 portio
560 1565 616 1612 zm
639 1549 681 1612 ad
701 1550 775 1625 mh,
797 1557 830 1612 et
851 1549 913 1612 erit
935 1549 1100 1630 proportio
1122 1567 1169 1616 za
1190 1549 1302 1615 adab
1325 1549 1412 1612 sicut
1437 1567 1509 1630 pro·

431 1659 538 1738 portio
559 1661 596 1720 al
617 1659 660 1722 ed
682 1661 737 1735 llt;
758 1661 817 1725 sed
838 1659 1005 1740 proportio
1028 1661 1066 1722 τι
1089 1661 1131 1722 ad
1152 1661 1192 1723 lb
1214 1667 1263 1724 εει
1284 1660 1391 1724 maior
1406 1677 1507 1740 quatu

427 1770 596 1850 proportio
616 1789 669 1834 sm
693 1769 734 1834 ad
754 1770 832 1846 mb,·
854 1771 916 1832 erit
938 1787 1016 1849 ergo
1030 1770 1200 1850 proportio
1215 1788 1262 1834 εει
1280 1770 1321 1834 ad
1335 1771 1387 1832 ab
1403 1771 1509 1834 maior

430 1897 534 1959 quam
555 1882 724 1962 proportio
755 1900 793 1944 τε
821 1881 863 1944 ad
889 1882 944 1954 sb,
967 1887 1000 1946 et
1020 1881 1234 1960 permutatim
1257 1881 1320 1945 erit
1342 1882 1508 1962 proportio
1622 1891 1627 1903 ·

397 1984 405 1988 ”
431 1991 543 2064 read
559 2009 603 2056 τε
624 1993 731 2054 maior
753 2008 853 2071 quam
874 1991 1041 2072 proportio
1062 1991 1115 2055 ct
1130 1991 1171 2054 ed
1183 1991 1243 2072 ειη
1259 1992 1317 2054 sed
1331 1991 1384 2054 cb
1402 1992 1510 2055 maior

374 2081 376 2092 Α
429 2109 480 2166 εει
502 2119 603 2182 quem
624 2102 681 2178 sb,
704 2121 744 2167 eo
767 2102 859 2181 quod
872 2109 923 2164 εει
936 2101 1156 2183 propinquior
1170 2107 1284 2167 centro
1298 2102 1335 2174 d;
1352 2102 1507 2180 eritpergo

430 2232 475 2280 ze
498 2212 604 2278 multo
627 2213 733 2276 maior
751 2230 853 2292 quam
865 2233 918 2288 rr,
935 2213 1025 2292 quod
1041 2219 1091 2276 εει
1106 2211 1328 2292 impossibile,
1346 2211 1506 2292 quoniam

429 2341 469 2416 ει
488 2323 598 2385 maior
620 2329 669 2388 est
691 2341 792 2402 quam
813 2342 875 2398 aa,
898 2341 938 2386 eo
957 2323 1046 2403 quod
1069 2329 1118 2385 εει
1141 2323 1357 2404 propinquior
1371 2321 1413 2384 ad
1429 2337 1506 2384 cen-

389 2447 392 2454 ·
432 2442 533 2511 trum;
547 2441 579 2496 et
589 2434 619 2496 si
629 2434 842 2514 posuerimus
853 2453 875 2495 rt
887 2433 922 2496 in
936 2439 1059 2513 puncto
1072 2451 1099 2508 o,
1113 2440 1172 2496 etc
1187 2432 1274 2496 inter
1286 2441 1424 2513 punctos
1434 2451 1459 2508 c,
1472 2434 1504 2508 b,

430 2543 515 2607 illud
536 2545 626 2624 quod
648 2544 804 2608 terminat
826 2544 1142 2618 circumferentiam,
1166 2543 1205 2606 de
1221 2560 1287 2622 qua
1302 2543 1339 2605 fit
1355 2543 1505 2604 reverbe-

433 2656 527 2730 ratio,
543 2663 593 2718 εει
605 2654 696 2718 linea
711 2672 796 2735 quae
813 2654 944 2734 copulat
955 2661 1117 2754 ceptrum,
1128 2661 1160 2718 et
1172 2653 1381 2742 medietatem
1394 2652 1503 2716 lineae

431 2782 516 2844 quae
540 2772 588 2828 est
609 2764 696 2828 inter
718 2772 874 2844 utrosque
897 2771 1058 2844 punctae,
1081 2773 1113 2827 et
1135 2763 1259 2826 lineam
1282 2781 1367 2842 quae
1391 2762 1507 2824 dividit

432 2874 608 2954 angulum,
631 2893 731 2954 quem
753 2877 816 2939 ista
838 2873 928 2937 linea
949 2876 1130 2951 contendit,
1149 2875 1185 2936 in
1199 2874 1281 2935 duas
1297 2872 1506 2946 medietates,

432 2993 464 3048 et
486 2986 545 3064 qui
567 3004 605 3048 ex
627 2987 679 3049 his
706 2986 903 3066 refringitur
930 2985 972 3047 ad
993 2984 1147 3064 aequales
1170 2975 1324 3064 angulos,
1346 2985 1506 3045 est'nnus

431 3099 544 3160 radius
567 3105 730 3161 tentum·
1265 3147 1272 3162 .

473 3207 555 3270 Item
579 3209 843 3270 demonstremus
865 3225 969 3286 nunc,
992 3205 1082 3286 quod
1103 3207 1139 3268 in
1159 3205 1314 3268 omnibus
1337 3205 1388 3268 his
1410 3223 1504 3284 prae·

432 3318 527 3382 dictis
549 3319 722 3398 speciebus
744 3317 920 3398 positionis
948 3334 1079 3396 semper
1101 3316 1138 3380 fit
1159 3317 1266 3379 forma
1287 3316 1375 3378 inter
1396 3316 1506 3378 visum

433 3435 466 3492 et
494 3427 668 3507 speculum
693 3427 950 3509 improprioei
976 3426 1070 3506 loco;
1101 3423 1387 3508 perpendiculares
1417 3425 1506 3488 enim

352 3578 353 3582 =
431 3556 516 3618 quae
538 3539 720 3617 procedunt
742 3556 762 3601 a
782 3538 916 3620 punctis
930 3557 965 3613 z,
979 3538 1020 3612 b,
1046 3543 1077 3600 et
1093 3544 1266 3602 transeunt
1281 3554 1339 3616 per
1354 3541 1507 3600 centrum

432 3651 468 3722 d,
498 3667 630 3729 semper
659 3655 772 3712 secant
799 3648 987 3729 oppositum
1013 3647 1166 3723 radium,
1192 3647 1252 3727 qui
1275 3653 1325 3708 εει
1347 3645 1426 3721 ille,
1448 3661 1507 3724 per

432 3776 533 3838 quem
554 3759 661 3823 forma
683 3759 975 3840 comprehenditur
997 3777 1017 3820 a
1037 3764 1130 3840 parte
1154 3757 1297 3837 speculi;
1323 3762 1356 3818 et
1376 3756 1508 3820 unirer·

429 3867 546 3934 saliter
575 3871 660 3932 cedit
689 3887 789 3949 super
816 3877 967 3934 centrum
989 3871 1011 3932 d
1036 3867 1071 3930 in
1100 3866 1283 3948 triangulo,
1306 3885 1406 3948 quem
1429 3883 1507 3928 con·

431 3981 537 4044 tinent
557 3981 617 4058 ab,
641 3986 673 4044 ει
694 3979 806 4043 radius
829 3981 989 4044 refractus
1011 3987 1049 4042 ut
1069 3978 1177 4042 lineae
1198 3998 1258 4054 zo,
1280 3977 1339 4042 ab.
1367 3978 1508 4058 Apparet

432 4090 522 4152 enim
544 4093 580 4156 in
601 4090 797 4154 huiusmodi
818 4089 1093 4166 reverberatione,
1116 4105 1194 4152 cum
1215 4088 1307 4152 visus
1330 4086 1431 4152 fuerit
1444 4102 1504 4168 pon

1748 4223 1749 4266 ι
