3550 5452
404 561 449 623 aa

404 669 447 734 de
469 667 633 730 distantiis
655 673 688 729 et
710 667 904 746 quantitate,
926 649 1013 730 si'cut
1031 666 1068 730 tit
1085 682 1161 728 cum
1179 666 1213 727 in
1230 663 1284 728 die
1302 653 1480 744 aspicimus

404 778 441 839 in
463 795 540 840 aere
561 794 627 856 quo
649 792 775 839 sumus.
798 777 880 838 ilum
902 775 992 838 enim
1021 775 1111 838 idem
1139 791 1195 838 aer
1220 775 1263 836 sit
1290 775 1428 856 spissior
1449 781 1483 836 et

406 888 511 966 magis
526 885 690 950 coloratus
706 903 806 965 quam
818 885 969 966 superior
981 891 1115 966 propter
1126 882 1236 948 locum
1251 883 1375 947 multas
1386 883 1482 947 exha-

406 994 552 1068 lationis,
573 1013 658 1076 quao
681 995 828 1058 ascendit
850 1013 870 1056 a
890 1001 978 1057 tarra
1000 1000 1033 1057 at
1056 994 1160 1074 aquis,
1178 995 1285 1074 aptior
1301 994 1339 1056 lit
1352 993 1394 1056 ad
1409 1009 1483 1073 pro·

405 1104 594 1168 vehendum
615 1103 728 1166 lumen
753 1105 840 1166 intra
862 1121 938 1166 eum
954 1109 986 1166 et
1001 1103 1167 1184 penetrari
1182 1120 1202 1165 a
1216 1103 1304 1182 visu;
1325 1109 1480 1183 putamus

322 1283 327 1294 ,
407 1231 483 1293 ergo
497 1213 609 1276 videre
624 1211 755 1276 coelum
773 1213 860 1274 sicut
876 1211 1250 1276 coloremcommunem
1265 1210 1482 1274 exhalationi-

406 1323 468 1386 bus
483 1330 516 1386 ct
528 1321 633 1384 coelo.
648 1321 882 1384 Universalitcr
895 1338 1026 1401 quoque
1038 1322 1076 1384 in
1090 1321 1245 1384 omnibus
1258 1321 1356 1384 rebus
1369 1327 1479 1384 exten·

324 1431 330 1442 '
408 1417 469 1506 sis,
488 1432 608 1504 tenuis,
629 1430 788 1504 humidis,
811 1449 895 1511 qrrae
911 1438 990 1494 sunt
1004 1431 1199 1494 remotiores
1215 1431 1256 1493 ab
1271 1447 1346 1493 aare
1361 1429 1398 1491 in
1417 1447 1482 1510 quo

406 1557 533 1618 sumus,
544 1548 678 1622 propter
690 1539 835 1603 validam
850 1540 1064 1603 subtilitatem
1079 1557 1194 1603 earum
1209 1539 1347 1602 omuino
1363 1537 1480 1602 debili·
1585 1522 1592 1535 ’

407 1656 497 1716 tatur
516 1650 610 1712 nisus
632 1649 765 1711 videndi
794 1667 866 1723 eas,
893 1649 1044 1729 quamvis
1071 1648 1186 1732 lumen
1216 1665 1284 1710 non
1307 1648 1482 1728 probibeat

408 1757 742 1839 comprehensionem
768 1775 901 1832 earum,
923 1758 1009 1823 sicut
1031 1757 1149 1820 accidit
1169 1774 1246 1821 cum
1271 1758 1361 1820 visus
1383 1756 1483 1820 fucrit

408 1866 444 1928 iu
466 1867 639 1932 tenebroso
661 1865 737 1930 loco
759 1875 792 1930 et
814 1866 976 1948 aspexerit
996 1865 1125 1941 stellas,
1147 1875 1180 1930 ct
1205 1885 1273 1930 non
1301 1866 1389 1930 videt
1411 1881 1483 1928 rem

408 1977 497 2040 circa
521 1994 577 2040 eas
610 1982 800 2052 extensam,
831 1977 983 2056 quamvis
1010 1977 1105 2041 cadat
1129 1993 1229 2057 super
1254 1993 1328 2039 cam
1356 1974 1482 2038 lumen.

408 2085 473 2150 ssd
493 2103 571 2148 cum
590 2086 689 2149 luerit
709 2087 800 2149 risus
828 2086 863 2148 in
890 2084 963 2150 loco
989 2085 1116 2160 lucido,
1143 2102 1212 2148 nou
1238 2085 1327 2148 videt
1351 2083 1483 2157 stellas,

409 2195 569 2276 quoniam
590 2193 705 2259 lumen
728 2195 817 2275 quod
837 2202 889 2258 ast
909 2196 997 2258 inter
1018 2213 1074 2258 eas
1096 2201 1129 2258 et
1149 2195 1274 2269 visum,
1295 2193 1387 2257 ducit
1403 2211 1483 2274 pro·

410 2304 598 2367 tensionem
619 2303 708 2366 visus
731 2303 773 2366 ad
794 2303 1006 2368 debilitatem.
1028 2306 1066 2367 lit
1087 2305 1246 2384 quoniam
1267 2320 1347 2378 aar,
1369 2302 1484 2383 quiin

411 2410 465 2476 die
487 2418 637 2494 apparet,
658 2418 791 2494 putatur
812 2430 884 2477 asse
906 2414 1064 2476 remotior
1090 2412 1245 2476 omnibus
1270 2413 1384 2486 rebus,
1406 2429 1484 2475 cum

410 2521 496 2585 nihil
524 2521 615 2584 aliud
640 2528 795 2604 appareat
823 2522 999 2586 sublimius
1030 2540 1091 2599 eo;
1124 2522 1175 2586 sol
1205 2504 1316 2586 a'utem
1343 2528 1376 2584 et
1402 2519 1485 2584 luna

410 2636 567 2712 putantur
587 2648 660 2696 esse
681 2631 859 2712 propinqui
880 2639 1012 2713 propter
1033 2631 1231 2705 claritatem,
1252 2629 1311 2693 sed
1328 2646 1424 2692 mens
1440 2629 1486 2692 ri·

410 2740 491 2804 dans
513 2738 663 2828 coelum,
685 2729 775 2820 ᾆιιοᾱ
795 2742 838 2802 sit
859 2740 1035 2804 sublimius
1057 2740 1131 2804 aliis
1153 2739 1251 2815 locis,
1269 2739 1485 2804 ratiocinatur

410 2845 697 2914 ratiocinationem
723 2849 858 2925 falsam,
879 2858 913 2913 et
940 2857 1034 2931 putat
1060 2867 1131 2912 rem
1159 2849 1246 2912 visui
1272 2855 1485 2930 apparantem

410 2955 483 3022 csse
504 2976 633 3034 veram,
655 2966 690 3023 et
710 2958 804 3024 illam
827 2977 900 3024 esse
924 2977 1024 3040 (pram
1045 2959 1120 3038 ipsa
1139 2959 1321 3039 cognoscit,
1344 2965 1376 3022 et
1391 2965 1486 3038 putat

410 3067 500 3147 quod
524 3086 589 3142 res,
610 3087 695 3150 quas
717 3068 900 3132 novissima
921 3071 953 3132 ei
973 3069 1121 3161 videtur,
1135 3069 1244 3132 maior
1260 3069 1303 3130 sit
1314 3067 1384 3142 illa,
1400 3083 1485 3147 quae

411 3178 605 3241 naturaliter
632 3184 666 3242 et
691 3197 769 3242 rere
797 3178 958 3242 remotior
985 3185 1034 3242 est
1062 3185 1096 3242 ct
1121 3177 1228 3240 maior
1254 3177 1341 3240 aliis.
1363 3177 1486 3240 Accidit

411 3286 512 3348 etiam
526 3287 562 3348 in
577 3286 693 3366 liguris
714 3285 824 3350 simile
841 3288 935 3362 huic,
950 3285 1104 3352 videlicet
1119 3287 1327 3364 fabricarum,
1342 3302 1485 3366 quarum

411 3395 552 3474 parietes
573 3395 696 3458 babent
717 3397 975 3477 aequidistantia
995 3394 1116 3471 latera,
1139 3403 1172 3460 et
1192 3395 1350 3458 liminum
1371 3395 1486 3458 ianua·

409 3521 498 3579 rum,
519 3522 603 3584 quae
625 3504 785 3568 sublimia
804 3512 898 3592 sunt,
914 3507 1104 3586 superiores
1121 3512 1229 3586 partes
1243 3505 1400 3568 videntur
1413 3523 1484 3568 am·

410 3612 532 3694 pliores
547 3615 632 3694 tstc);
649 3615 739 3694 quod
757 3615 874 3678 accidit
889 3633 928 3678 ex
942 3615 1191 3696 imaginatione,
1207 3631 1292 3694 quae
1308 3615 1346 3678 fit
1360 3615 1485 3688 sensui,
1524 3665 1526 3670 .

413 3724 565 3804 quamvis
587 3725 760 3807 superiora
780 3723 919 3792 illorum
931 3743 1011 3788 ¹non
1033 3724 1177 3789 habeant
1192 3723 1353 3788 maiorem
1369 3725 1487 3788 stricti-

387 3849 389 3852 ·
412 3839 514 3896 tatem
535 3841 568 3897 et
588 3834 869 3914 propinquitatem
891 3853 995 3916 quam
1017 3835 1185 3899 interiora.
1208 3835 1276 3897 Hoc
1298 3835 1390 3896 enim
1405 3853 1483 3897 con·

411 3951 592 4007 sueverunt
622 3943 775 4006 homines
805 3944 931 4016 facere,
954 3952 991 4006 ut
1012 3944 1133 4025 positio
1156 3944 1199 4006 sit
1219 3945 1302 4008 bene
1324 3943 1503 4024 disposita

411 4060 442 4116 et
464 4042 681 4118 bimaitans
704 4069 792 4132 ergo,
814 4054 894 4132 quia
910 4061 1042 4136 apparet
1057 4055 1087 4118 ei
1103 4054 1193 4118 iuxta
1207 4054 1482 4118 consuetudinem
