<?xml version="1.0" encoding="UTF-8"?>
<!DOCTYPE html PUBLIC "-//W3C//DTD XHTML 1.0 Transitional//EN"
    "http://www.w3.org/TR/xhtml1/DTD/xhtml1-transitional.dtd">
<html xmlns="http://www.w3.org/1999/xhtml" xml:lang="en" lang="en">
 <head>
  <title>
</title>
<meta http-equiv="Content-Type" content="text/html;charset=utf-8" />
  <meta name='ocr-system' content='tesseract 3.04.00' />
  <meta name='ocr-capabilities' content='ocr_page ocr_carea ocr_par ocr_line ocrx_word'/>
</head>
<body>
  <div class='ocr_page' id='page_1' title='image "./lotticadiclaudi01eugegoog_0165.png"; bbox 0 0 3550 5452; ppageno 0'>
   <div class='ocr_carea' id='block_1_1' title="bbox 436 585 1519 886">
    <p class='ocr_par' dir='ltr' id='par_1_1' title="bbox 436 585 1519 886">
     <span class='ocr_line' id='line_1_1' title="bbox 436 585 500 652; baseline 0 -1"><span class='ocrx_word' id='word_1_1' title='bbox 436 585 500 652; x_wconf 81' lang='grc' dir='ltr'><strong>1οδ</strong></span> 
     </span>
     <span class='ocr_line' id='line_1_2' title="bbox 439 695 1519 778; baseline 0 -18"><span class='ocrx_word' id='word_1_2' title='bbox 439 698 723 772; x_wconf 88' lang='lat' dir='ltr'><strong>circumferentia,</strong></span> <span class='ocrx_word' id='word_1_3' title='bbox 746 715 831 778; x_wconf 88' lang='lat' dir='ltr'><strong>qnae</strong></span> <span class='ocrx_word' id='word_1_4' title='bbox 854 705 902 760; x_wconf 93' lang='grc' dir='ltr'><strong>εει</strong></span> <span class='ocrx_word' id='word_1_5' title='bbox 923 697 1010 761; x_wconf 91' lang='lat' dir='ltr'><strong>inter</strong></span> <span class='ocrx_word' id='word_1_6' title='bbox 1032 697 1056 772; x_wconf 88' lang='grc' dir='ltr'><strong>ι,</strong></span> <span class='ocrx_word' id='word_1_7' title='bbox 1071 696 1101 771; x_wconf 83' lang='lat' dir='ltr'><strong>b,</strong></span> <span class='ocrx_word' id='word_1_8' title='bbox 1125 701 1158 759; x_wconf 91' lang='lat' dir='ltr'><strong>et</strong></span> <span class='ocrx_word' id='word_1_9' title='bbox 1180 695 1238 760; x_wconf 88' lang='lat' dir='ltr'><strong>ille</strong></span> <span class='ocrx_word' id='word_1_10' title='bbox 1260 711 1346 776; x_wconf 86' lang='lat' dir='ltr'><strong>quae</strong></span> <span class='ocrx_word' id='word_1_11' title='bbox 1365 700 1415 760; x_wconf 92' lang='lat' dir='ltr'><strong>est</strong></span> <span class='ocrx_word' id='word_1_12' title='bbox 1430 695 1519 760; x_wconf 86' lang='lat' dir='ltr'><strong>inter</strong></span> 
     </span>
     <span class='ocr_line' id='line_1_3' title="bbox 439 805 1516 886; baseline -0.003 -14"><span class='ocrx_word' id='word_1_13' title='bbox 439 810 456 872; x_wconf 84' lang='lat' dir='ltr'><strong>b</strong></span> <span class='ocrx_word' id='word_1_14' title='bbox 478 815 510 872; x_wconf 89' lang='lat' dir='ltr'><strong>et</strong></span> <span class='ocrx_word' id='word_1_15' title='bbox 529 827 578 883; x_wconf 88' lang='lat' dir='ltr'><strong>m,</strong></span> <span class='ocrx_word' id='word_1_16' title='bbox 601 807 882 870; x_wconf 67' lang='lat' dir='ltr'>demonstrabitur</span> <span class='ocrx_word' id='word_1_17' title='bbox 903 807 960 869; x_wconf 88' lang='lat' dir='ltr'><strong>sie.</strong></span> <span class='ocrx_word' id='word_1_18' title='bbox 982 807 1018 870; x_wconf 86' lang='lat' dir='ltr'><strong>Si</strong></span> <span class='ocrx_word' id='word_1_19' title='bbox 1040 807 1174 886; x_wconf 90' lang='lat' dir='ltr'><strong>quidem</strong></span> <span class='ocrx_word' id='word_1_20' title='bbox 1197 805 1354 886; x_wconf 84' lang='lat' dir='ltr'><strong>possibile</strong></span> <span class='ocrx_word' id='word_1_21' title='bbox 1376 812 1443 880; x_wconf 87' lang='lat' dir='ltr'><strong>est,</strong></span> <span class='ocrx_word' id='word_1_22' title='bbox 1465 821 1516 869; x_wconf 85' lang='lat' dir='ltr'><strong>re-</strong></span> 
     </span>
    </p>
   </div>
   <div class='ocr_carea' id='block_1_2' title="bbox 298 915 1518 1004">
    <p class='ocr_par' dir='ltr' id='par_1_2' title="bbox 298 915 1518 1004">
     <span class='ocr_line' id='line_1_4' title="bbox 298 915 1518 1004; baseline -0.003 -23"><span class='ocrx_word' id='word_1_23' title='bbox 298 939 301 949; x_wconf 68' lang='grc'>’</span> <span class='ocrx_word' id='word_1_24' title='bbox 373 997 378 1004; x_wconf 29' lang='grc' dir='ltr'>Ι</span> <span class='ocrx_word' id='word_1_25' title='bbox 437 919 601 998; x_wconf 82' lang='lat' dir='ltr'><strong>fringatur</strong></span> <span class='ocrx_word' id='word_1_26' title='bbox 631 927 670 980; x_wconf 92' lang='lat' dir='ltr'><strong>ut</strong></span> <span class='ocrx_word' id='word_1_27' title='bbox 698 927 749 993; x_wconf 79' lang='lat' dir='ltr'><strong>zi,</strong></span> <span class='ocrx_word' id='word_1_28' title='bbox 782 920 829 981; x_wconf 82' lang='grc' dir='ltr'><strong>ιιι.</strong></span> <span class='ocrx_word' id='word_1_29' title='bbox 861 918 942 981; x_wconf 86' lang='lat' dir='ltr'><strong>Gum</strong></span> <span class='ocrx_word' id='word_1_30' title='bbox 968 917 1069 998; x_wconf 87' lang='lat' dir='ltr'><strong>igitur</strong></span> <span class='ocrx_word' id='word_1_31' title='bbox 1101 922 1266 998; x_wconf 74' lang='lat' dir='ltr'><strong>protracta</strong></span> <span class='ocrx_word' id='word_1_32' title='bbox 1299 917 1398 980; x_wconf 81' lang='lat' dir='ltr'><strong>inerit</strong></span> <span class='ocrx_word' id='word_1_33' title='bbox 1427 915 1518 978; x_wconf 83' lang='lat' dir='ltr'><strong>linea</strong></span> 
     </span>
    </p>
   </div>
   <div class='ocr_carea' id='block_1_3' title="bbox 438 1025 1548 2654">
    <p class='ocr_par' dir='ltr' id='par_1_3' title="bbox 438 1025 1548 2654">
     <span class='ocr_line' id='line_1_5' title="bbox 438 1025 1518 1108; baseline -0.004 -16"><span class='ocrx_word' id='word_1_34' title='bbox 438 1027 549 1104; x_wconf 72' lang='lat' dir='ltr'><strong>diat,</strong></span> <span class='ocrx_word' id='word_1_35' title='bbox 573 1037 605 1092; x_wconf 90' lang='lat' dir='ltr'><strong>et</strong></span> <span class='ocrx_word' id='word_1_36' title='bbox 626 1027 872 1108; x_wconf 88' lang='lat' dir='ltr'><strong>copulabuntur</strong></span> <span class='ocrx_word' id='word_1_37' title='bbox 892 1027 999 1092; x_wconf 88' lang='lat' dir='ltr'><strong>lineae</strong></span> <span class='ocrx_word' id='word_1_38' title='bbox 1020 1047 1084 1102; x_wconf 77' lang='lat' dir='ltr'><strong>za,</strong></span> <span class='ocrx_word' id='word_1_39' title='bbox 1105 1029 1170 1102; x_wconf 78' lang='lat' dir='ltr'><strong>ab,</strong></span> <span class='ocrx_word' id='word_1_40' title='bbox 1194 1027 1354 1107; x_wconf 87' lang='lat' dir='ltr'><strong>qnoniam</strong></span> <span class='ocrx_word' id='word_1_41' title='bbox 1378 1025 1518 1106; x_wconf 81' lang='lat' dir='ltr'><strong>angulus</strong></span> 
     </span>
     <span class='ocr_line' id='line_1_6' title="bbox 438 1136 1548 1219; baseline -0.004 -19"><span class='ocrx_word' id='word_1_42' title='bbox 438 1141 512 1202; x_wconf 80' lang='lat' dir='ltr'><strong>aad</strong></span> <span class='ocrx_word' id='word_1_43' title='bbox 540 1145 589 1202; x_wconf 89' lang='lat' dir='ltr'><strong>est</strong></span> <span class='ocrx_word' id='word_1_44' title='bbox 616 1139 702 1202; x_wconf 90' lang='lat' dir='ltr'><strong>sieut</strong></span> <span class='ocrx_word' id='word_1_45' title='bbox 729 1139 876 1218; x_wconf 82' lang='lat' dir='ltr'><strong>angulus.</strong></span> <span class='ocrx_word' id='word_1_46' title='bbox 897 1140 988 1213; x_wconf 81' lang='lat' dir='ltr'><strong>dat,</strong></span> <span class='ocrx_word' id='word_1_47' title='bbox 1012 1155 1054 1202; x_wconf 89' lang='lat' dir='ltr'><strong>eo</strong></span> <span class='ocrx_word' id='word_1_48' title='bbox 1074 1137 1165 1219; x_wconf 81' lang='lat' dir='ltr'><strong>qnod</strong></span> <span class='ocrx_word' id='word_1_49' title='bbox 1186 1136 1452 1200; x_wconf 66' lang='lat' dir='ltr'><strong>circumferentia</strong></span> <span class='ocrx_word' id='word_1_50' title='bbox 1471 1137 1516 1198; x_wconf 74' lang='lat' dir='ltr'><strong>da</strong></span> <span class='ocrx_word' id='word_1_51' title='bbox 1545 1183 1548 1196; x_wconf 92' lang='lat'>.</span> 
     </span>
     <span class='ocr_line' id='line_1_7' title="bbox 439 1219 1518 1325; baseline -0.005 -14"><span class='ocrx_word' id='word_1_52' title='bbox 439 1255 490 1311; x_wconf 89' lang='lat' dir='ltr'><strong>est</strong></span> <span class='ocrx_word' id='word_1_53' title='bbox 511 1249 597 1310; x_wconf 92' lang='lat' dir='ltr'><strong>sicnt</strong></span> <span class='ocrx_word' id='word_1_54' title='bbox 625 1247 893 1312; x_wconf 78' lang='lat' dir='ltr'><strong>circumferentia</strong></span> <span class='ocrx_word' id='word_1_55' title='bbox 918 1247 981 1324; x_wconf 80' lang='lat' dir='ltr'><strong>et,</strong></span> <span class='ocrx_word' id='word_1_56' title='bbox 1010 1254 1159 1311; x_wconf 78' lang='lat' dir='ltr'><strong>remanet</strong></span> <span class='ocrx_word' id='word_1_57' title='bbox 1186 1245 1326 1325; x_wconf 80' lang='lat' dir='ltr'><strong>angulus</strong></span> <span class='ocrx_word' id='word_1_58' title='bbox 1348 1219 1410 1309; x_wconf 70' lang='lat' dir='ltr'><strong>aar</strong></span> <span class='ocrx_word' id='word_1_59' title='bbox 1432 1245 1518 1308; x_wconf 88' lang='lat' dir='ltr'><strong>sieut</strong></span> 
     </span>
     <span class='ocr_line' id='line_1_8' title="bbox 440 1355 1518 1439; baseline -0.004 -17"><span class='ocrx_word' id='word_1_60' title='bbox 440 1357 582 1439; x_wconf 83' lang='lat' dir='ltr'><strong>angulus</strong></span> <span class='ocrx_word' id='word_1_61' title='bbox 606 1361 683 1421; x_wconf 78' lang='lat' dir='ltr'><strong>bret.</strong></span> <span class='ocrx_word' id='word_1_62' title='bbox 706 1361 782 1421; x_wconf 78' lang='lat' dir='ltr'><strong>Erat</strong></span> <span class='ocrx_word' id='word_1_63' title='bbox 801 1366 912 1422; x_wconf 90' lang='lat' dir='ltr'><strong>antem</strong></span> <span class='ocrx_word' id='word_1_64' title='bbox 930 1357 1073 1438; x_wconf 86' lang='lat' dir='ltr'><strong>angulus</strong></span> <span class='ocrx_word' id='word_1_65' title='bbox 1089 1366 1155 1421; x_wconf 77' lang='lat' dir='ltr'><strong>ata</strong></span> <span class='ocrx_word' id='word_1_66' title='bbox 1172 1357 1261 1420; x_wconf 89' lang='lat' dir='ltr'><strong>sicut</strong></span> <span class='ocrx_word' id='word_1_67' title='bbox 1278 1355 1421 1438; x_wconf 86' lang='lat' dir='ltr'><strong>angulus</strong></span> <span class='ocrx_word' id='word_1_68' title='bbox 1438 1357 1518 1430; x_wconf 66' lang='lat' dir='ltr'><strong>titia·</strong></span> 
     </span>
     <span class='ocr_line' id='line_1_9' title="bbox 440 1467 1519 1550; baseline -0.001 -20"><span class='ocrx_word' id='word_1_69' title='bbox 440 1468 599 1549; x_wconf 80' lang='lat' dir='ltr'><strong>trianguli</strong></span> <span class='ocrx_word' id='word_1_70' title='bbox 619 1487 697 1550; x_wconf 85' lang='lat' dir='ltr'><strong>ergo</strong></span> <span class='ocrx_word' id='word_1_71' title='bbox 720 1481 798 1548; x_wconf 79' lang='lat' dir='ltr'><strong>aar,</strong></span> <span class='ocrx_word' id='word_1_72' title='bbox 822 1471 890 1532; x_wconf 76' lang='lat' dir='ltr'><strong>tals</strong></span> <span class='ocrx_word' id='word_1_73' title='bbox 918 1469 1075 1550; x_wconf 78' lang='lat' dir='ltr'><strong>aequales</strong></span> <span class='ocrx_word' id='word_1_74' title='bbox 1098 1468 1237 1549; x_wconf 76' lang='lat' dir='ltr'><strong>angulos</strong></span> <span class='ocrx_word' id='word_1_75' title='bbox 1258 1467 1404 1544; x_wconf 89' lang='lat' dir='ltr'><strong>habant,</strong></span> <span class='ocrx_word' id='word_1_76' title='bbox 1425 1473 1458 1531; x_wconf 90' lang='grc' dir='ltr'><strong>ει</strong></span> <span class='ocrx_word' id='word_1_77' title='bbox 1478 1467 1519 1529; x_wconf 89' lang='lat' dir='ltr'><strong>li·</strong></span> 
     </span>
     <span class='ocr_line' id='line_1_10' title="bbox 440 1561 1519 1660; baseline -0.001 -19"><span class='ocrx_word' id='word_1_78' title='bbox 440 1597 502 1642; x_wconf 89' lang='lat' dir='ltr'><strong>nea</strong></span> <span class='ocrx_word' id='word_1_79' title='bbox 525 1589 564 1641; x_wconf 86' lang='lat' dir='ltr'><strong>tc</strong></span> <span class='ocrx_word' id='word_1_80' title='bbox 587 1586 636 1643; x_wconf 91' lang='lat' dir='ltr'><strong>est</strong></span> <span class='ocrx_word' id='word_1_81' title='bbox 659 1581 864 1657; x_wconf 88' lang='lat' dir='ltr'><strong>communis;</strong></span> <span class='ocrx_word' id='word_1_82' title='bbox 888 1589 926 1643; x_wconf 72' lang='grc' dir='ltr'><strong>ιι</strong></span> <span class='ocrx_word' id='word_1_83' title='bbox 948 1598 1024 1660; x_wconf 82' lang='lat' dir='ltr'><strong>ergo</strong></span> <span class='ocrx_word' id='word_1_84' title='bbox 1047 1585 1096 1643; x_wconf 90' lang='lat' dir='ltr'><strong>est</strong></span> <span class='ocrx_word' id='word_1_85' title='bbox 1117 1580 1202 1642; x_wconf 91' lang='lat' dir='ltr'><strong>sicut</strong></span> <span class='ocrx_word' id='word_1_86' title='bbox 1225 1580 1281 1654; x_wconf 82' lang='lat' dir='ltr'><strong>rt,</strong></span> <span class='ocrx_word' id='word_1_87' title='bbox 1304 1561 1337 1642; x_wconf 77' lang='lat' dir='ltr'><strong>et</strong></span> <span class='ocrx_word' id='word_1_88' title='bbox 1358 1577 1420 1642; x_wconf 90' lang='lat' dir='ltr'><strong>erit</strong></span> <span class='ocrx_word' id='word_1_89' title='bbox 1441 1577 1519 1640; x_wconf 91' lang='lat' dir='ltr'><strong>inde</strong></span> 
     </span>
     <span class='ocr_line' id='line_1_11' title="bbox 439 1687 1463 1771; baseline 0 -21"><span class='ocrx_word' id='word_1_90' title='bbox 439 1688 487 1750; x_wconf 82' lang='lat' dir='ltr'><strong>ale</strong></span> <span class='ocrx_word' id='word_1_91' title='bbox 504 1690 589 1753; x_wconf 88' lang='lat' dir='ltr'><strong>sicut</strong></span> <span class='ocrx_word' id='word_1_92' title='bbox 610 1691 661 1752; x_wconf 83' lang='grc' dir='ltr'><strong>ιιι</strong></span> <span class='ocrx_word' id='word_1_93' title='bbox 682 1691 789 1753; x_wconf 89' lang='lat' dir='ltr'><strong>maior</strong></span> <span class='ocrx_word' id='word_1_94' title='bbox 810 1689 896 1752; x_wconf 89' lang='lat' dir='ltr'><strong>sicut</strong></span> <span class='ocrx_word' id='word_1_95' title='bbox 917 1691 1041 1766; x_wconf 89' lang='lat' dir='ltr'><strong>minor,</strong></span> <span class='ocrx_word' id='word_1_96' title='bbox 1064 1691 1154 1771; x_wconf 86' lang='lat' dir='ltr'><strong>quod</strong></span> <span class='ocrx_word' id='word_1_97' title='bbox 1176 1697 1225 1754; x_wconf 88' lang='lat' dir='ltr'><strong>est</strong></span> <span class='ocrx_word' id='word_1_98' title='bbox 1245 1687 1463 1771; x_wconf 75' lang='lat' dir='ltr'><strong>impossibiie.</strong></span> 
     </span>
     <span class='ocr_line' id='line_1_12' title="bbox 483 1799 1535 1876; baseline 0 -14"><span class='ocrx_word' id='word_1_99' title='bbox 483 1799 641 1864; x_wconf 86' lang='lat' dir='ltr'><strong>Similiter</strong></span> <span class='ocrx_word' id='word_1_100' title='bbox 663 1800 762 1864; x_wconf 88' lang='lat' dir='ltr'><strong>etiam</strong></span> <span class='ocrx_word' id='word_1_101' title='bbox 785 1801 1080 1876; x_wconf 76' lang='lat' dir='ltr'><strong>demonstrabitur,</strong></span> <span class='ocrx_word' id='word_1_102' title='bbox 1103 1801 1133 1864; x_wconf 89' lang='lat' dir='ltr'><strong>si</strong></span> <span class='ocrx_word' id='word_1_103' title='bbox 1156 1799 1535 1871; x_wconf 51' lang='lat' dir='ltr'><strong>existimaverimus»</strong></span> 
     </span>
     <span class='ocr_line' id='line_1_13' title="bbox 440 1907 1518 1992; baseline -0.003 -18"><span class='ocrx_word' id='word_1_104' title='bbox 440 1907 702 1975; x_wconf 76' lang='lat' dir='ltr'><strong>verberationem</strong></span> <span class='ocrx_word' id='word_1_105' title='bbox 716 1912 787 1974; x_wconf 85' lang='lat' dir='ltr'><strong>fleri</strong></span> <span class='ocrx_word' id='word_1_106' title='bbox 802 1912 891 1973; x_wconf 91' lang='lat' dir='ltr'><strong>inter</strong></span> <span class='ocrx_word' id='word_1_107' title='bbox 904 1918 1043 1992; x_wconf 87' lang='lat' dir='ltr'><strong>punctos</strong></span> <span class='ocrx_word' id='word_1_108' title='bbox 1058 1914 1079 1985; x_wconf 89' lang='lat' dir='ltr'><strong>l,</strong></span> <span class='ocrx_word' id='word_1_109' title='bbox 1096 1912 1121 1976; x_wconf 85' lang='lat' dir='ltr'><strong>b.</strong></span> <span class='ocrx_word' id='word_1_110' title='bbox 1144 1911 1193 1974; x_wconf 87' lang='lat' dir='ltr'><strong>Sit</strong></span> <span class='ocrx_word' id='word_1_111' title='bbox 1206 1911 1318 1991; x_wconf 85' lang='lat' dir='ltr'><strong>itaque</strong></span> <span class='ocrx_word' id='word_1_112' title='bbox 1332 1929 1372 1972; x_wconf 78' lang='lat' dir='ltr'><strong>ze</strong></span> <span class='ocrx_word' id='word_1_113' title='bbox 1387 1909 1451 1989; x_wconf 58' lang='grc' dir='ltr'><strong>(βε.</strong></span> <span class='ocrx_word' id='word_1_114' title='bbox 1465 1910 1518 1983; x_wconf 83' lang='grc' dir='ltr'><strong>5οι</strong></span> 
     </span>
     <span class='ocr_line' id='line_1_14' title="bbox 442 2019 1520 2102; baseline -0.002 -20"><span class='ocrx_word' id='word_1_115' title='bbox 442 2021 550 2084; x_wconf 89' lang='lat' dir='ltr'><strong>maior</strong></span> <span class='ocrx_word' id='word_1_116' title='bbox 571 2038 672 2102; x_wconf 88' lang='lat' dir='ltr'><strong>quam</strong></span> <span class='ocrx_word' id='word_1_117' title='bbox 694 2025 747 2097; x_wconf 80' lang='lat' dir='ltr'><strong>ele,</strong></span> <span class='ocrx_word' id='word_1_118' title='bbox 771 2029 803 2085; x_wconf 88' lang='lat' dir='ltr'><strong>et</strong></span> <span class='ocrx_word' id='word_1_119' title='bbox 830 2021 995 2086; x_wconf 86' lang='lat' dir='ltr'><strong>dividatur</strong></span> <span class='ocrx_word' id='word_1_120' title='bbox 1020 2023 1063 2086; x_wconf 79' lang='lat' dir='ltr'><strong>ale</strong></span> <span class='ocrx_word' id='word_1_121' title='bbox 1084 2040 1143 2102; x_wconf 89' lang='lat' dir='ltr'><strong>per</strong></span> <span class='ocrx_word' id='word_1_122' title='bbox 1164 2023 1246 2086; x_wconf 88' lang='lat' dir='ltr'><strong>duas</strong></span> <span class='ocrx_word' id='word_1_123' title='bbox 1267 2021 1462 2086; x_wconf 83' lang='lat' dir='ltr'><strong>medietates</strong></span> <span class='ocrx_word' id='word_1_124' title='bbox 1484 2019 1520 2080; x_wconf 90' lang='lat' dir='ltr'><strong>in</strong></span> 
     </span>
     <span class='ocr_line' id='line_1_15' title="bbox 443 2131 1521 2213; baseline -0.003 -18"><span class='ocrx_word' id='word_1_125' title='bbox 443 2139 566 2212; x_wconf 88' lang='lat' dir='ltr'><strong>puncto</strong></span> <span class='ocrx_word' id='word_1_126' title='bbox 591 2142 615 2207; x_wconf 89' lang='lat' dir='ltr'><strong>t,</strong></span> <span class='ocrx_word' id='word_1_127' title='bbox 644 2141 678 2196; x_wconf 91' lang='lat' dir='ltr'><strong>et</strong></span> <span class='ocrx_word' id='word_1_128' title='bbox 703 2133 916 2213; x_wconf 87' lang='lat' dir='ltr'><strong>protrahatur</strong></span> <span class='ocrx_word' id='word_1_129' title='bbox 940 2132 1030 2196; x_wconf 90' lang='lat' dir='ltr'><strong>linea</strong></span> <span class='ocrx_word' id='word_1_130' title='bbox 1057 2135 1096 2196; x_wconf 82' lang='grc' dir='ltr'><strong>ιιι</strong></span> <span class='ocrx_word' id='word_1_131' title='bbox 1124 2133 1165 2196; x_wconf 88' lang='lat' dir='ltr'><strong>ad</strong></span> <span class='ocrx_word' id='word_1_132' title='bbox 1191 2131 1220 2195; x_wconf 82' lang='lat' dir='ltr'><strong>t.</strong></span> <span class='ocrx_word' id='word_1_133' title='bbox 1251 2132 1399 2195; x_wconf 86' lang='lat' dir='ltr'><strong>Dicimus</strong></span> <span class='ocrx_word' id='word_1_134' title='bbox 1415 2147 1521 2211; x_wconf 81' lang='lat' dir='ltr'><strong>erge,</strong></span> 
     </span>
     <span class='ocr_line' id='line_1_16' title="bbox 443 2241 1521 2324; baseline -0.002 -20"><span class='ocrx_word' id='word_1_135' title='bbox 443 2243 533 2322; x_wconf 86' lang='lat' dir='ltr'><strong>quod</strong></span> <span class='ocrx_word' id='word_1_136' title='bbox 555 2241 776 2306; x_wconf 84' lang='lat' dir='ltr'><strong>reverberatio</strong></span> <span class='ocrx_word' id='word_1_137' title='bbox 798 2263 866 2307; x_wconf 92' lang='lat' dir='ltr'><strong>non</strong></span> <span class='ocrx_word' id='word_1_138' title='bbox 889 2244 928 2306; x_wconf 86' lang='lat' dir='ltr'><strong>iit</strong></span> <span class='ocrx_word' id='word_1_139' title='bbox 948 2243 1014 2306; x_wconf 90' lang='lat' dir='ltr'><strong>nisi</strong></span> <span class='ocrx_word' id='word_1_140' title='bbox 1038 2242 1333 2324; x_wconf 72' lang='lat' dir='ltr'><strong>interperetari,</strong></span> <span class='ocrx_word' id='word_1_141' title='bbox 1350 2244 1360 2306; x_wconf 85' lang='grc' dir='ltr'><strong>ι</strong></span> <span class='ocrx_word' id='word_1_142' title='bbox 1382 2241 1425 2304; x_wconf 87' lang='lat' dir='ltr'><strong>ab</strong></span> <span class='ocrx_word' id='word_1_143' title='bbox 1439 2259 1521 2303; x_wconf 88' lang='lat' dir='ltr'><strong>une·</strong></span> 
     </span>
     <span class='ocr_line' id='line_1_17' title="bbox 442 2353 1520 2434; baseline -0.001 -19"><span class='ocrx_word' id='word_1_144' title='bbox 442 2369 577 2433; x_wconf 86' lang='lat' dir='ltr'><strong>quaque</strong></span> <span class='ocrx_word' id='word_1_145' title='bbox 599 2359 799 2433; x_wconf 89' lang='lat' dir='ltr'><strong>punctorum</strong></span> <span class='ocrx_word' id='word_1_146' title='bbox 820 2374 850 2430; x_wconf 81' lang='lat' dir='ltr'><strong>z,</strong></span> <span class='ocrx_word' id='word_1_147' title='bbox 868 2355 890 2416; x_wconf 82' lang='lat' dir='ltr'><em>h</em></span> <span class='ocrx_word' id='word_1_148' title='bbox 911 2355 953 2417; x_wconf 90' lang='lat' dir='ltr'><strong>ad</strong></span> <span class='ocrx_word' id='word_1_149' title='bbox 975 2354 1128 2419; x_wconf 85' lang='lat' dir='ltr'><strong>alterum.</strong></span> <span class='ocrx_word' id='word_1_150' title='bbox 1151 2354 1254 2434; x_wconf 72' lang='lat' dir='ltr'><strong>Saepe</strong></span> <span class='ocrx_word' id='word_1_151' title='bbox 1273 2353 1364 2418; x_wconf 90' lang='lat' dir='ltr'><strong>enim</strong></span> <span class='ocrx_word' id='word_1_152' title='bbox 1380 2353 1520 2415; x_wconf 87' lang='lat' dir='ltr'><strong>demon-</strong></span> 
     </span>
     <span class='ocr_line' id='line_1_18' title="bbox 443 2463 1523 2544; baseline -0.002 -20"><span class='ocrx_word' id='word_1_153' title='bbox 443 2469 582 2526; x_wconf 87' lang='lat' dir='ltr'><strong>stratum</strong></span> <span class='ocrx_word' id='word_1_154' title='bbox 612 2470 674 2539; x_wconf 87' lang='grc' dir='ltr'><strong>εει,</strong></span> <span class='ocrx_word' id='word_1_155' title='bbox 703 2465 793 2544; x_wconf 87' lang='lat' dir='ltr'><strong>qued</strong></span> <span class='ocrx_word' id='word_1_156' title='bbox 820 2481 888 2528; x_wconf 90' lang='lat' dir='ltr'><strong>non</strong></span> <span class='ocrx_word' id='word_1_157' title='bbox 914 2465 953 2527; x_wconf 88' lang='lat' dir='ltr'><strong>lit</strong></span> <span class='ocrx_word' id='word_1_158' title='bbox 979 2481 999 2526; x_wconf 91' lang='lat' dir='ltr'><strong>a</strong></span> <span class='ocrx_word' id='word_1_159' title='bbox 1020 2463 1288 2528; x_wconf 84' lang='lat' dir='ltr'><strong>circumferentia</strong></span> <span class='ocrx_word' id='word_1_160' title='bbox 1308 2463 1349 2527; x_wconf 81' lang='lat' dir='ltr'><strong>al</strong></span> <span class='ocrx_word' id='word_1_161' title='bbox 1371 2477 1481 2542; x_wconf 87' lang='lat' dir='ltr'><strong>neque</strong></span> <span class='ocrx_word' id='word_1_162' title='bbox 1503 2477 1523 2522; x_wconf 90' lang='lat' dir='ltr'><strong>a</strong></span> 
     </span>
     <span class='ocr_line' id='line_1_19' title="bbox 443 2570 1522 2654; baseline -0.002 -19"><span class='ocrx_word' id='word_1_163' title='bbox 443 2573 710 2636; x_wconf 83' lang='lat' dir='ltr'><strong>circumferentia</strong></span> <span class='ocrx_word' id='word_1_164' title='bbox 729 2593 806 2654; x_wconf 72' lang='lat' dir='ltr'><strong>qm,</strong></span> <span class='ocrx_word' id='word_1_165' title='bbox 830 2581 862 2638; x_wconf 92' lang='lat' dir='ltr'><strong>et</strong></span> <span class='ocrx_word' id='word_1_166' title='bbox 890 2573 1172 2638; x_wconf 86' lang='lat' dir='ltr'><strong>demonstrabitur</strong></span> <span class='ocrx_word' id='word_1_167' title='bbox 1202 2572 1323 2636; x_wconf 89' lang='lat' dir='ltr'><strong>iterum</strong></span> <span class='ocrx_word' id='word_1_168' title='bbox 1348 2570 1522 2653; x_wconf 86' lang='lat' dir='ltr'><strong>perhanc</strong></span> 
     </span>
    </p>
   </div>
   <div class='ocr_carea' id='block_1_4' title="bbox 329 2681 1521 2764">
    <p class='ocr_par' dir='ltr' id='par_1_4' title="bbox 329 2681 1521 2764">
     <span class='ocr_line' id='line_1_20' title="bbox 329 2681 1521 2764; baseline 0 -20"><span class='ocrx_word' id='word_1_169' title='bbox 329 2741 330 2744; x_wconf 74' lang='grc'><strong>,</strong></span> <span class='ocrx_word' id='word_1_170' title='bbox 443 2683 594 2762; x_wconf 80' lang='lat' dir='ltr'><strong>liguram,</strong></span> <span class='ocrx_word' id='word_1_171' title='bbox 617 2683 823 2764; x_wconf 86' lang='lat' dir='ltr'><strong>impossibile</strong></span> <span class='ocrx_word' id='word_1_172' title='bbox 842 2701 913 2749; x_wconf 88' lang='lat' dir='ltr'><strong>esse</strong></span> <span class='ocrx_word' id='word_1_173' title='bbox 929 2683 1000 2748; x_wconf 88' lang='lat' dir='ltr'><strong>fleri</strong></span> <span class='ocrx_word' id='word_1_174' title='bbox 1015 2681 1316 2748; x_wconf 85' lang='lat' dir='ltr'><strong>reverberationem</strong></span> <span class='ocrx_word' id='word_1_175' title='bbox 1331 2682 1420 2746; x_wconf 86' lang='lat' dir='ltr'><strong>inter</strong></span> <span class='ocrx_word' id='word_1_176' title='bbox 1435 2699 1521 2764; x_wconf 87' lang='lat' dir='ltr'><strong>pun·</strong></span> 
     </span>
    </p>
   </div>
   <div class='ocr_carea' id='block_1_5' title="bbox 361 2792 1530 4201">
    <p class='ocr_par' dir='ltr' id='par_1_5' title="bbox 361 2792 1530 4201">
     <span class='ocr_line' id='line_1_21' title="bbox 442 2792 1519 2874; baseline -0.004 -18"><span class='ocrx_word' id='word_1_177' title='bbox 442 2800 512 2856; x_wconf 89' lang='lat' dir='ltr'><strong>etos</strong></span> <span class='ocrx_word' id='word_1_178' title='bbox 534 2796 568 2869; x_wconf 85' lang='lat' dir='ltr'><strong>b,</strong></span> <span class='ocrx_word' id='word_1_179' title='bbox 582 2813 632 2869; x_wconf 63' lang='lat' dir='ltr'><strong>aa·</strong></span> <span class='ocrx_word' id='word_1_180' title='bbox 654 2795 751 2858; x_wconf 86' lang='lat' dir='ltr'><strong>dehet</strong></span> <span class='ocrx_word' id='word_1_181' title='bbox 773 2793 864 2856; x_wconf 89' lang='lat' dir='ltr'><strong>enim</strong></span> <span class='ocrx_word' id='word_1_182' title='bbox 887 2811 926 2856; x_wconf 85' lang='lat' dir='ltr'><strong>er</strong></span> <span class='ocrx_word' id='word_1_183' title='bbox 946 2794 1000 2857; x_wconf 91' lang='lat' dir='ltr'><strong>his</strong></span> <span class='ocrx_word' id='word_1_184' title='bbox 1022 2793 1111 2857; x_wconf 91' lang='lat' dir='ltr'><strong>linea</strong></span> <span class='ocrx_word' id='word_1_185' title='bbox 1132 2796 1188 2868; x_wconf 78' lang='lat' dir='ltr'><strong>et,</strong></span> <span class='ocrx_word' id='word_1_186' title='bbox 1211 2811 1296 2874; x_wconf 85' lang='lat' dir='ltr'><strong>quae</strong></span> <span class='ocrx_word' id='word_1_187' title='bbox 1318 2797 1369 2855; x_wconf 86' lang='lat' dir='ltr'><strong>est</strong></span> <span class='ocrx_word' id='word_1_188' title='bbox 1391 2792 1519 2864; x_wconf 86' lang='lat' dir='ltr'><strong>minor,</strong></span> 
     </span>
     <span class='ocr_line' id='line_1_22' title="bbox 442 2901 1519 2984; baseline -0.006 -16"><span class='ocrx_word' id='word_1_189' title='bbox 442 2921 514 2968; x_wconf 81' lang='lat' dir='ltr'><strong>esee</strong></span> <span class='ocrx_word' id='word_1_190' title='bbox 537 2904 644 2968; x_wconf 89' lang='lat' dir='ltr'><strong>maior</strong></span> <span class='ocrx_word' id='word_1_191' title='bbox 664 2921 766 2984; x_wconf 86' lang='lat' dir='ltr'><strong>quam</strong></span> <span class='ocrx_word' id='word_1_192' title='bbox 787 2902 879 2966; x_wconf 91' lang='lat' dir='ltr'><strong>linea</strong></span> <span class='ocrx_word' id='word_1_193' title='bbox 899 2921 954 2979; x_wconf 75' lang='lat' dir='ltr'><strong>aa,</strong></span> <span class='ocrx_word' id='word_1_194' title='bbox 977 2921 1062 2984; x_wconf 87' lang='lat' dir='ltr'><strong>qnae</strong></span> <span class='ocrx_word' id='word_1_195' title='bbox 1084 2909 1134 2967; x_wconf 91' lang='lat' dir='ltr'><strong>est</strong></span> <span class='ocrx_word' id='word_1_196' title='bbox 1156 2903 1264 2966; x_wconf 88' lang='lat' dir='ltr'><strong>maior</strong></span> <span class='ocrx_word' id='word_1_197' title='bbox 1286 2920 1333 2967; x_wconf 84' lang='lat' dir='ltr'><strong>ea</strong></span> <span class='ocrx_word' id='word_1_198' title='bbox 1357 2901 1422 2966; x_wconf 83' lang='lat' dir='ltr'><strong>Nec</strong></span> <span class='ocrx_word' id='word_1_199' title='bbox 1443 2917 1519 2981; x_wconf 86' lang='lat' dir='ltr'><strong>pos·</strong></span> 
     </span>
     <span class='ocr_line' id='line_1_23' title="bbox 444 3012 1523 3078; baseline -0.002 -2"><span class='ocrx_word' id='word_1_200' title='bbox 444 3013 541 3078; x_wconf 87' lang='lat' dir='ltr'><strong>sibile</strong></span> <span class='ocrx_word' id='word_1_201' title='bbox 570 3021 620 3077; x_wconf 89' lang='lat' dir='ltr'><strong>est</strong></span> <span class='ocrx_word' id='word_1_202' title='bbox 645 3015 717 3077; x_wconf 85' lang='lat' dir='ltr'><strong>lieri</strong></span> <span class='ocrx_word' id='word_1_203' title='bbox 749 3015 1048 3078; x_wconf 88' lang='lat' dir='ltr'><strong>reverberationem</strong></span> <span class='ocrx_word' id='word_1_204' title='bbox 1075 3031 1095 3076; x_wconf 85' lang='lat' dir='ltr'><strong>a</strong></span> <span class='ocrx_word' id='word_1_205' title='bbox 1122 3012 1457 3076; x_wconf 81' lang='lat' dir='ltr'><strong>circumferentialeb</strong></span> <span class='ocrx_word' id='word_1_206' title='bbox 1482 3012 1523 3074; x_wconf 86' lang='lat' dir='ltr'><strong>ad</strong></span> 
     </span>
     <span class='ocr_line' id='line_1_24' title="bbox 446 3121 1524 3206; baseline -0.003 -19"><span class='ocrx_word' id='word_1_207' title='bbox 446 3124 601 3206; x_wconf 88' lang='lat' dir='ltr'><strong>aequales</strong></span> <span class='ocrx_word' id='word_1_208' title='bbox 629 3124 784 3204; x_wconf 81' lang='lat' dir='ltr'><strong>angulas,</strong></span> <span class='ocrx_word' id='word_1_209' title='bbox 814 3126 974 3206; x_wconf 85' lang='lat' dir='ltr'><strong>queniam</strong></span> <span class='ocrx_word' id='word_1_210' title='bbox 1000 3124 1029 3188; x_wconf 90' lang='lat' dir='ltr'><strong>si</strong></span> <span class='ocrx_word' id='word_1_211' title='bbox 1053 3123 1274 3190; x_wconf 85' lang='lat' dir='ltr'><strong>reverberatio</strong></span> <span class='ocrx_word' id='word_1_212' title='bbox 1296 3123 1404 3203; x_wconf 88' lang='lat' dir='ltr'><strong>posita</strong></span> <span class='ocrx_word' id='word_1_213' title='bbox 1424 3121 1524 3184; x_wconf 87' lang='lat' dir='ltr'><strong>fuerit</strong></span> 
     </span>
     <span class='ocr_line' id='line_1_25' title="bbox 445 3230 1524 3315; baseline -0.004 -17"><span class='ocrx_word' id='word_1_214' title='bbox 445 3251 547 3315; x_wconf 82' lang='lat' dir='ltr'><strong>penes</strong></span> <span class='ocrx_word' id='word_1_215' title='bbox 561 3241 724 3315; x_wconf 88' lang='lat' dir='ltr'><strong>punctum</strong></span> <span class='ocrx_word' id='word_1_216' title='bbox 735 3236 764 3310; x_wconf 81' lang='lat' dir='ltr'><strong>lc,</strong></span> <span class='ocrx_word' id='word_1_217' title='bbox 779 3236 872 3299; x_wconf 89' lang='lat' dir='ltr'><strong>fieret</strong></span> <span class='ocrx_word' id='word_1_218' title='bbox 884 3234 1025 3315; x_wconf 85' lang='lat' dir='ltr'><strong>angulus</strong></span> <span class='ocrx_word' id='word_1_219' title='bbox 1034 3232 1094 3297; x_wconf 79' lang='lat' dir='ltr'><strong>ztir</strong></span> <span class='ocrx_word' id='word_1_220' title='bbox 1109 3236 1196 3298; x_wconf 86' lang='lat' dir='ltr'><strong>sieut</strong></span> <span class='ocrx_word' id='word_1_221' title='bbox 1207 3231 1350 3312; x_wconf 80' lang='lat' dir='ltr'><strong>angulus</strong></span> <span class='ocrx_word' id='word_1_222' title='bbox 1364 3230 1435 3306; x_wconf 75' lang='lat' dir='ltr'><strong>lert,</strong></span> <span class='ocrx_word' id='word_1_223' title='bbox 1448 3249 1524 3295; x_wconf 86' lang='lat' dir='ltr'><strong>acu·</strong></span> 
     </span>
     <span class='ocr_line' id='line_1_26' title="bbox 447 3345 1523 3426; baseline -0.001 -19"><span class='ocrx_word' id='word_1_224' title='bbox 447 3353 500 3408; x_wconf 90' lang='lat' dir='ltr'><strong>tus</strong></span> <span class='ocrx_word' id='word_1_225' title='bbox 521 3346 608 3408; x_wconf 91' lang='lat' dir='ltr'><strong>sicut</strong></span> <span class='ocrx_word' id='word_1_226' title='bbox 629 3347 787 3424; x_wconf 89' lang='lat' dir='ltr'><strong>obtusus;</strong></span> <span class='ocrx_word' id='word_1_227' title='bbox 818 3345 901 3410; x_wconf 91' lang='lat' dir='ltr'><strong>etsi</strong></span> <span class='ocrx_word' id='word_1_228' title='bbox 923 3347 1024 3410; x_wconf 87' lang='lat' dir='ltr'><strong>inerit</strong></span> <span class='ocrx_word' id='word_1_229' title='bbox 1049 3347 1156 3426; x_wconf 88' lang='lat' dir='ltr'><strong>posita</strong></span> <span class='ocrx_word' id='word_1_230' title='bbox 1177 3361 1279 3426; x_wconf 85' lang='lat' dir='ltr'><strong>penes</strong></span> <span class='ocrx_word' id='word_1_231' title='bbox 1301 3348 1463 3424; x_wconf 83' lang='lat' dir='ltr'><strong>punctum</strong></span> <span class='ocrx_word' id='word_1_232' title='bbox 1485 3345 1523 3415; x_wconf 82' lang='lat' dir='ltr'><strong>b,</strong></span> 
     </span>
     <span class='ocr_line' id='line_1_27' title="bbox 445 3455 1523 3537; baseline -0.002 -20"><span class='ocrx_word' id='word_1_233' title='bbox 445 3455 539 3520; x_wconf 87' lang='lat' dir='ltr'><strong>fieret</strong></span> <span class='ocrx_word' id='word_1_234' title='bbox 560 3455 700 3536; x_wconf 83' lang='lat' dir='ltr'><strong>angulus</strong></span> <span class='ocrx_word' id='word_1_235' title='bbox 714 3457 773 3519; x_wconf 75' lang='lat' dir='ltr'><strong>aad</strong></span> <span class='ocrx_word' id='word_1_236' title='bbox 794 3457 904 3520; x_wconf 86' lang='lat' dir='ltr'><strong>maior</strong></span> <span class='ocrx_word' id='word_1_237' title='bbox 921 3456 1135 3537; x_wconf 71' lang='lat' dir='ltr'><strong>angulatae,</strong></span> <span class='ocrx_word' id='word_1_238' title='bbox 1152 3463 1228 3518; x_wconf 79' lang='lat' dir='ltr'><strong>‘oum</strong></span> <span class='ocrx_word' id='word_1_239' title='bbox 1242 3455 1523 3535; x_wconf 76' lang='lat' dir='ltr'><strong>utriquesintre-</strong></span> 
     </span>
     <span class='ocr_line' id='line_1_28' title="bbox 445 3563 1521 3648; baseline -0.004 -18"><span class='ocrx_word' id='word_1_240' title='bbox 445 3566 504 3644; x_wconf 82' lang='lat' dir='ltr'><strong>eti3</strong></span> <span class='ocrx_word' id='word_1_241' title='bbox 527 3573 561 3628; x_wconf 91' lang='grc' dir='ltr'><strong>ει</strong></span> <span class='ocrx_word' id='word_1_242' title='bbox 578 3567 606 3628; x_wconf 88' lang='lat' dir='ltr'><strong>si</strong></span> <span class='ocrx_word' id='word_1_243' title='bbox 623 3566 842 3630; x_wconf 87' lang='lat' dir='ltr'><strong>reverberatio</strong></span> <span class='ocrx_word' id='word_1_244' title='bbox 855 3567 958 3630; x_wconf 84' lang='lat' dir='ltr'><strong>fuerit</strong></span> <span class='ocrx_word' id='word_1_245' title='bbox 972 3567 1080 3648; x_wconf 84' lang='lat' dir='ltr'><strong>posita</strong></span> <span class='ocrx_word' id='word_1_246' title='bbox 1095 3566 1182 3629; x_wconf 87' lang='lat' dir='ltr'><strong>inter</strong></span> <span class='ocrx_word' id='word_1_247' title='bbox 1195 3565 1254 3642; x_wconf 78' lang='lat' dir='ltr'><strong>lab,</strong></span> <span class='ocrx_word' id='word_1_248' title='bbox 1268 3564 1364 3628; x_wconf 87' lang='lat' dir='ltr'><strong>fleret</strong></span> <span class='ocrx_word' id='word_1_249' title='bbox 1379 3563 1521 3644; x_wconf 80' lang='lat' dir='ltr'><strong>angulus</strong></span> 
     </span>
     <span class='ocr_line' id='line_1_29' title="bbox 447 3659 1525 3756; baseline -0.002 -18"><span class='ocrx_word' id='word_1_250' title='bbox 447 3682 565 3739; x_wconf 87' lang='lat' dir='ltr'><strong>acutus</strong></span> <span class='ocrx_word' id='word_1_251' title='bbox 586 3677 694 3740; x_wconf 88' lang='lat' dir='ltr'><strong>maier</strong></span> <span class='ocrx_word' id='word_1_252' title='bbox 715 3677 848 3753; x_wconf 83' lang='lat' dir='ltr'><strong>obtuse,</strong></span> <span class='ocrx_word' id='word_1_253' title='bbox 870 3685 903 3741; x_wconf 90' lang='lat' dir='ltr'><strong>et</strong></span> <span class='ocrx_word' id='word_1_254' title='bbox 919 3659 1131 3742; x_wconf 80' lang='lat' dir='ltr'><strong>haecomnia</strong></span> <span class='ocrx_word' id='word_1_255' title='bbox 1145 3682 1223 3740; x_wconf 89' lang='lat' dir='ltr'><strong>sunt</strong></span> <span class='ocrx_word' id='word_1_256' title='bbox 1236 3663 1468 3756; x_wconf 81' lang='lat' dir='ltr'><strong>impossibilia.</strong></span> <span class='ocrx_word' id='word_1_257' title='bbox 1488 3675 1525 3736; x_wconf 80' lang='lat' dir='ltr'><strong>nt</strong></span> 
     </span>
     <span class='ocr_line' id='line_1_30' title="bbox 446 3783 1524 3867; baseline -0.003 -18"><span class='ocrx_word' id='word_1_258' title='bbox 446 3787 475 3849; x_wconf 92' lang='lat' dir='ltr'><strong>si</strong></span> <span class='ocrx_word' id='word_1_259' title='bbox 497 3787 789 3852; x_wconf 83' lang='lat' dir='ltr'><strong>existimaverimus</strong></span> <span class='ocrx_word' id='word_1_260' title='bbox 811 3788 1126 3863; x_wconf 84' lang='lat' dir='ltr'><strong>reverberationem,</strong></span> <span class='ocrx_word' id='word_1_261' title='bbox 1148 3803 1234 3867; x_wconf 87' lang='lat' dir='ltr'><strong>quae</strong></span> <span class='ocrx_word' id='word_1_262' title='bbox 1252 3787 1290 3849; x_wconf 88' lang='lat' dir='ltr'><strong>tlt</strong></span> <span class='ocrx_word' id='word_1_263' title='bbox 1306 3786 1348 3848; x_wconf 88' lang='lat' dir='ltr'><strong>ad</strong></span> <span class='ocrx_word' id='word_1_264' title='bbox 1366 3783 1524 3866; x_wconf 81' lang='lat' dir='ltr'><strong>aequales</strong></span> 
     </span>
     <span class='ocr_line' id='line_1_31' title="bbox 447 3891 1523 3977; baseline -0.005 -17"><span class='ocrx_word' id='word_1_265' title='bbox 447 3897 600 3977; x_wconf 78' lang='lat' dir='ltr'><strong>angulos,</strong></span> <span class='ocrx_word' id='word_1_266' title='bbox 624 3917 695 3962; x_wconf 88' lang='lat' dir='ltr'><strong>esse</strong></span> <span class='ocrx_word' id='word_1_267' title='bbox 716 3899 805 3964; x_wconf 89' lang='lat' dir='ltr'><strong>inter</strong></span> <span class='ocrx_word' id='word_1_268' title='bbox 827 3901 838 3962; x_wconf 85' lang='lat' dir='ltr'><strong>l</strong></span> <span class='ocrx_word' id='word_1_269' title='bbox 861 3906 893 3964; x_wconf 89' lang='lat' dir='ltr'><strong>et</strong></span> <span class='ocrx_word' id='word_1_270' title='bbox 913 3900 948 3973; x_wconf 86' lang='lat' dir='ltr'><strong>le,</strong></span> <span class='ocrx_word' id='word_1_271' title='bbox 971 3900 1089 3966; x_wconf 89' lang='lat' dir='ltr'><strong>accidit</strong></span> <span class='ocrx_word' id='word_1_272' title='bbox 1110 3897 1190 3961; x_wconf 88' lang='lat' dir='ltr'><strong>inde</strong></span> <span class='ocrx_word' id='word_1_273' title='bbox 1212 3895 1299 3960; x_wconf 87' lang='lat' dir='ltr'><strong>illud</strong></span> <span class='ocrx_word' id='word_1_274' title='bbox 1317 3894 1408 3976; x_wconf 90' lang='lat' dir='ltr'><strong>quod</strong></span> <span class='ocrx_word' id='word_1_275' title='bbox 1425 3891 1523 3958; x_wconf 86' lang='lat' dir='ltr'><strong>debet</strong></span> 
     </span>
     <span class='ocr_line' id='line_1_32' title="bbox 447 4005 1526 4092; baseline -0.004 -22"><span class='ocrx_word' id='word_1_276' title='bbox 447 4008 604 4092; x_wconf 84' lang='lat' dir='ltr'><strong>accidere.</strong></span> <span class='ocrx_word' id='word_1_277' title='bbox 628 4009 676 4072; x_wconf 85' lang='lat' dir='ltr'><strong>Sit</strong></span> <span class='ocrx_word' id='word_1_278' title='bbox 697 4011 799 4090; x_wconf 81' lang='lat' dir='ltr'><strong>igitur</strong></span> <span class='ocrx_word' id='word_1_279' title='bbox 819 4010 1041 4074; x_wconf 86' lang='lat' dir='ltr'><strong>reverberatio</strong></span> <span class='ocrx_word' id='word_1_280' title='bbox 1060 4015 1098 4072; x_wconf 90' lang='lat' dir='ltr'><strong>ut</strong></span> <span class='ocrx_word' id='word_1_281' title='bbox 1112 4027 1173 4084; x_wconf 79' lang='lat' dir='ltr'><strong>za,</strong></span> <span class='ocrx_word' id='word_1_282' title='bbox 1186 4008 1254 4082; x_wconf 74' lang='lat' dir='ltr'><strong>ab,</strong></span> <span class='ocrx_word' id='word_1_283' title='bbox 1269 4013 1302 4072; x_wconf 90' lang='lat' dir='ltr'><strong>et</strong></span> <span class='ocrx_word' id='word_1_284' title='bbox 1316 4005 1526 4087; x_wconf 77' lang='lat' dir='ltr'><strong>pmtranaear</strong></span> 
     </span>
     <span class='ocr_line' id='line_1_33' title="bbox 361 4113 1530 4201; baseline 0 -21"><span class='ocrx_word' id='word_1_285' title='bbox 361 4173 365 4180; x_wconf 33' lang='lat' dir='ltr'><strong><em>s</em></strong></span> <span class='ocrx_word' id='word_1_286' title='bbox 448 4121 555 4198; x_wconf 74' lang='lat' dir='ltr'><strong>daca,</strong></span> <span class='ocrx_word' id='word_1_287' title='bbox 575 4125 610 4184; x_wconf 90' lang='lat' dir='ltr'><strong>et</strong></span> <span class='ocrx_word' id='word_1_288' title='bbox 627 4119 800 4201; x_wconf 80' lang='lat' dir='ltr'><strong>copuletur</strong></span> <span class='ocrx_word' id='word_1_289' title='bbox 821 4138 864 4182; x_wconf 84' lang='lat' dir='ltr'><strong>oz</strong></span> <span class='ocrx_word' id='word_1_290' title='bbox 887 4125 920 4184; x_wconf 89' lang='lat' dir='ltr'><strong>et</strong></span> <span class='ocrx_word' id='word_1_291' title='bbox 939 4121 998 4196; x_wconf 73' lang='grc' dir='ltr'><strong>εις</strong></span> <span class='ocrx_word' id='word_1_292' title='bbox 1017 4117 1178 4200; x_wconf 77' lang='lat' dir='ltr'><strong>quonlam</strong></span> <span class='ocrx_word' id='word_1_293' title='bbox 1193 4133 1269 4198; x_wconf 72' lang='lat' dir='ltr'><strong>ergo</strong></span> <span class='ocrx_word' id='word_1_294' title='bbox 1283 4113 1530 4197; x_wconf 65' lang='lat' dir='ltr'><strong>cognuscat</strong></span> 
     </span>
    </p>
   </div>
   <div class='ocr_carea' id='block_1_6' title="bbox 0 0 1796 5452">
    <p class='ocr_par' dir='ltr' id='par_1_6' title="bbox 0 0 1796 5452">
     <span class='ocr_line' id='line_1_34' title="bbox 0 0 1796 5452; baseline 0 0"><span class='ocrx_word' id='word_1_295' title='bbox 0 0 1796 5452; x_wconf 95' lang='lat' dir='ltr'><strong> </strong></span> 
     </span>
    </p>
   </div>
  </div>
 </body>
</html>
