3550 5452
406 569 447 632 61

406 678 609 760 apparebunt
630 695 731 760 super
752 695 853 742 unam
872 677 996 742 lineam
1015 683 1149 757 rectam,
1166 679 1257 758 ipsae
1275 685 1309 742 et
1327 696 1379 742 res
1393 697 1479 759 quae

406 795 498 852 extra
517 789 670 852 videntur
690 807 776 852 vere.
800 789 843 853 llx
857 787 911 852 his
925 789 1073 867 utrisque
1088 807 1143 852 res
1159 788 1300 852 videnda
1315 788 1412 852 debet
1426 807 1481 869 ap

404 915 518 978 parere
541 899 577 961 in
600 897 737 979 speculo
758 898 794 961 in
817 897 891 961 loco
909 898 1034 979 puncti,
1052 916 1119 979 quo
1137 899 1324 977 iunguntur
1338 899 1480 962 visibilis

403 1008 517 1072 rudius
540 1016 573 1072 et
594 1006 894 1089 perpendiculari-ie,
916 1024 1001 1087 quae
1023 1009 1110 1071 cedit
1131 1027 1152 1070 a
1169 1025 1204 1070 re
1221 1008 1364 1072 videnda
1380 1026 1481 1087 super

406 1117 594 1199 speculum;
616 1117 719 1180 situm
741 1133 874 1198 quoque
897 1117 1141 1197 praedictarum
1163 1116 1329 1180 linearum
1352 1135 1425 1181 esse
1443 1118 1480 1179 in

406 1227 522 1290 eadem
537 1226 725 1308 superficie,
740 1243 816 1289 oum
831 1226 934 1291 altera
950 1225 1045 1290 alteri
1060 1227 1181 1302 obviet,
1197 1233 1228 1290 et
1242 1227 1350 1308 ipsam
1365 1245 1481 1307 super·

404 1337 515 1400 ficiem
538 1335 578 1400 ad
599 1344 707 1400 rectos
729 1335 887 1416 angulos,
904 1337 1064 1414 quoniam
1083 1335 1188 1399 altera
1205 1353 1320 1400 earum
1339 1343 1390 1400 est
1407 1353 1480 1416 per·

404 1445 630 1526 pendicularis
641 1462 742 1526 super
754 1444 880 1526 speculi
893 1443 1114 1525 superficiem,
1123 1443 1327 1508 etvisibilem
1338 1445 1481 1518 radium,

404 1568 482 1618 cum
497 1555 539 1618 ad
554 1571 626 1617 rem
640 1554 819 1617 videndam
837 1554 997 1617 refractus
1011 1554 1127 1629 luerit,
1143 1572 1217 1618 esse
1231 1555 1267 1616 in
1283 1553 1354 1634 ipsa
1368 1571 1481 1634 super·

404 1665 479 1728 licie
501 1681 601 1744 quam
625 1663 779 1738 diximus,
802 1669 834 1725 et
856 1662 1178 1744 perpendicularem,
1195 1680 1280 1742 quae
1297 1663 1481 1743 procedite

404 1779 526 1856 puncto
547 1772 824 1836 reverberationie
846 1789 947 1852 super
964 1771 1092 1852 speculi
1109 1772 1332 1853 superficiem
1347 1789 1419 1836 esse
1435 1771 1481 1834 di-

405 1881 617 1946 stinctionem
639 1899 854 1946 communem
877 1881 1033 1945 omnibus
1056 1883 1296 1962 superficiebus
1324 1883 1481 1958 diversis,

404 2010 492 2074 quae
518 1992 604 2056 fiunt
632 2009 735 2073 penes
765 1991 1067 2056 reverberationem
1089 1992 1276 2055 visibilium
1297 1993 1478 2056 radiorum.

402 2103 452 2175 Fit
467 2102 568 2165 etiem
585 2101 690 2164 simili
708 2103 819 2176 modo,
838 2118 915 2164 cum
933 2101 1034 2164 luerit
1053 2102 1138 2164 ritus
1152 2101 1327 2164 oculorum
1341 2101 1389 2164 sio
1404 2119 1479 2166 con·

403 2211 552 2286 stitutus,
570 2219 608 2275 ut
625 2211 709 2276 alter
724 2211 836 2276 videat
853 2211 994 2275 alterum
1012 2211 1048 2272 in
1066 2212 1184 2274 eodem
1202 2217 1371 2291 tempore,
1391 2213 1479 2290 quod

370 2337 375 2348 ’
406 2322 443 2384 tlt
464 2338 540 2383 curn
565 2339 603 2384 er
624 2321 776 2400 utrisque
798 2319 834 2383 in
852 2319 954 2384 simul
972 2319 1062 2383 victu
1081 2321 1238 2384 ceciderit
1254 2338 1357 2401 super
1372 2337 1479 2384 unum
1554 2365 1560 2376 .

405 2436 438 2494 et
455 2430 600 2494 eundem
617 2417 779 2511 punctum
798 2430 838 2494 de
855 2429 934 2505 illis,
954 2429 1013 2511 qui
1031 2436 1108 2492 sunt
1122 2430 1157 2492 in
1173 2428 1319 2511 speculo.
1342 2429 1479 2504 Quodsi

403 2541 450 2604 lta
470 2557 538 2603 non
561 2539 614 2615 fit,
636 2539 755 2603 accidit
776 2538 908 2634 nullum
931 2555 1048 2602 eorum
1063 2538 1175 2603 videre
1192 2539 1349 2615 alterum,
1368 2547 1401 2604 et
1415 2540 1479 2604 hoe

402 2649 568 2729 significat
590 2649 678 2729 quod
700 2648 785 2711 radii
806 2649 897 2711 visus
912 2648 1044 2711 refracti
1060 2648 1127 2712 sint
1144 2649 1185 2713 ad
1200 2649 1353 2713 invicem.
1368 2651 1411 2712 llx
1426 2650 1479 2714 his

401 2775 535 2839 quoque
556 2765 660 2840 petet,
682 2759 773 2838 quod
794 2758 1017 2822 reverberatio
1045 2757 1082 2820 tlt
1110 2759 1152 2821 ed
1180 2765 1288 2823 rectos
1317 2759 1475 2840 angulos;

384 2865 543 2948 ungulus
564 2867 655 2945 enim
677 2867 740 2931 erit
762 2885 851 2932 unus
873 2875 904 2932 et
925 2868 1015 2932 idem
1038 2875 1171 2948 propter
1192 2885 1307 2932 cesum
1336 2868 1474 2932 alterius

370 3039 374 3047 ,
401 2978 546 3041 duorum
574 2977 744 3070 radiorum
776 2995 875 3058 super
904 2977 1098 3058 speculum,
1120 2985 1153 3042 et
1178 2978 1477 3044 reverberationem

331 3125 333 3130 π
402 3086 538 3152 alterius
564 3087 649 3151 radii
676 3105 696 3151 e
723 3088 869 3169 speculo.
901 3088 936 3150 si
964 3105 1042 3152 vero
1068 3089 1280 3168 posuerimus
1309 3085 1384 3151 illos
1406 3106 1479 3152 esse

401 3195 596 3277 inaequales
624 3198 660 3259 in
690 3204 829 3276 utreque
858 3203 965 3278 parte,
988 3213 1125 3260 neeesse
1147 3203 1197 3260 est
1217 3197 1291 3260 fleri
1313 3197 1353 3260 ab
1375 3197 1479 3262 altero

402 3307 577 3370 oculorum
606 3307 740 3370 radium
761 3304 921 3371 'obviante
950 3306 1138 3387 superficiei
1166 3303 1294 3388 speculi
1316 3306 1477 3388 angulum

401 3416 564 3479 maiorem
587 3414 663 3490 1110,
685 3415 744 3494 qui
768 3417 805 3478 tit
826 3433 864 3479 er
881 3415 975 3480 radio
993 3423 1067 3495 post
1084 3415 1385 3480 reverberationem
1403 3418 1477 3481 eius

304 3525 308 3532 '
402 3543 422 3588 a
443 3523 594 3605 speculo,
615 3524 652 3587 in
676 3522 780 3588 eltero
797 3529 907 3588 autem
931 3525 1029 3589 oculo
1051 3524 1126 3589 fleri
1148 3543 1166 3590 e
1188 3542 1361 3602 converso,
1390 3525 1479 3590 vide·

402 3635 479 3698 licet
490 3639 527 3696 ut
538 3633 679 3714 angulus
692 3635 778 3697 radii
791 3641 865 3715 post
877 3636 1176 3700 reverberationem
1186 3636 1223 3698 bt
1235 3635 1343 3698 maior
1355 3634 1477 3717 angulo

404 3743 541 3808 alterius
563 3742 664 3819 radii,
687 3744 746 3823 qui
768 3745 855 3808 cadit
877 3763 978 3826 super
996 3744 1184 3826 speculum.

443 3854 515 3917 Hoc
542 3861 654 3918 autem
683 3841 892 3918 manifestius
915 3855 977 3918 erit
999 3862 1031 3918 et
1052 3855 1141 3918 visui
1161 3855 1307 3936 patebit,
1336 3861 1477 3918 certum·

403 3981 468 4042 que
497 3934 691 4028 ostendelur
719 3963 797 4028 inde
829 3965 918 4044 quod
941 3965 1085 4029 diximus
1108 3983 1167 4046 per
1187 3966 1251 4029 hoe
1275 3965 1479 4047 experimen-¹

405 4079 485 4135 tum.
510 4073 730 4138 constituatur
752 4073 870 4156 planca
890 4076 1033 4140 rotunda
1053 4083 1093 4138 ut
1110 4076 1190 4140 hoec
1209 4075 1272 4156 tfip.
1291 4077 1362 4151 151,
1380 4073 1479 4139 euius
