3512 5456
451 598 512 664 lid

449 713 560 776 radius
589 713 629 776 ab
650 731 693 790 oq
720 714 762 776 ad
784 713 937 792 aequales
965 713 1124 792 angulos,
1152 725 1185 776 et
1206 717 1248 778 sit
1269 718 1358 791 slve,
1386 724 1418 780 et
1440 734 1513 800 pro·

451 821 598 886 trahatur
627 822 906 904 perpendicularis
934 831 968 884 et
996 841 1094 904 super
1120 843 1177 903 cp,
1207 833 1238 888 et
1266 826 1421 906 iungatur
1448 831 1515 904 rb,

449 950 525 994 cunr
551 933 651 997 fuerit
677 933 856 1013 producta,
885 933 920 996 iu
944 933 973 996 t.
1005 933 1155 1013 Iungitur
1177 953 1252 1015 ergo
1276 939 1307 1000 ei
1329 944 1415 1000 retro
1438 957 1513 1019 spe-

448 1042 579 1118 culum,
602 1050 636 1106 et
656 1044 734 1122 quia
755 1041 896 1124 angulus
919 1043 982 1108 tra
1004 1051 1052 1106 est
1072 1053 1194 1120 rectus,
1217 1055 1257 1116 et,
1273 1047 1412 1126 angulus
1433 1052 1513 1128 etp.

447 1154 504 1234 qui
526 1161 576 1216 est
596 1153 679 1216 sicut
701 1154 842 1233 angulus
866 1154 944 1228 title,
966 1162 1016 1217 est
1037 1149 1146 1219 minor
1167 1163 1276 1232 recto,
1300 1159 1418 1222 accidit
1439 1160 1512 1224 tisri

445 1265 584 1328 formam
606 1283 621 1328 e
642 1265 678 1326 in
701 1266 792 1328 omni
816 1265 955 1340 circulo,
978 1283 1037 1345 per
1058 1284 1158 1345 quem
1179 1269 1298 1330 transit
1318 1276 1456 1350 puncius
1479 1271 1512 1346 lt,
1555 1270 1557 1274 ’

445 1393 521 1438 eum
548 1376 688 1439 volvitur
713 1375 907 1457 superficies
929 1376 988 1438 ezir
1009 1377 1096 1440 circa
1118 1395 1210 1440 axem
1231 1399 1290 1455 or,-
1313 1387 1345 1444 et
1366 1393 1441 1444 cum
1463 1399 1512 1444 rs-

443 1487 627 1550 verberatio
660 1487 724 1550 iste
755 1487 940 1567 pervenerit
970 1487 1012 1551 ad
1043 1489 1109 1562 cd,
1140 1495 1172 1551 et
1201 1489 1302 1554 luerit
1332 1491 1510 1569 producta;

443 1597 548 1662 torma
575 1598 691 1679 utiquo
718 1598 883 1664 ridebitur
903 1598 939 1660 in
963 1598 1116 1662 universo
1140 1597 1288 1673 circulo,
1315 1601 1372 1680 qui
1396 1602 1510 1664 transit

442 1727 501 1790 per
525 1718 685 1790 punctum
705 1712 726 1772 lt
753 1717 886 1790 propter
908 1709 1143 1772 concavitatem
1165 1710 1312 1792 speculi,
1339 1725 1414 1774 cum
1443 1714 1509 1774 aris

441 1825 487 1883 ud
507 1820 608 1883 luerit
629 1819 770 1896 stabilis,
793 1827 825 1884 et
846 1820 933 1884 circa
954 1838 1031 1883 eum
1054 1819 1195 1883 volvitur
1209 1822 1412 1901 superficies,
1427 1839 1508 1904 quo·

440 1935 533 1994 uiam
555 1933 746 2011 superficias
769 1948 854 2010 quae
877 1917 1050 1994 transeunt
1070 1949 1128 2012 per
1150 1948 1258 2004 axem,
1281 1949 1397 1996 omues
1414 1941 1509 1996 eruut

440 2060 540 2124 super
561 2042 741 2125 pyramidis
763 2042 972 2121 superficiem
994 2043 1036 2105 ad
1056 2053 1163 2105 rectos
1179 2042 1331 2122 angulos,
1349 2044 1435 2106 sicut
1449 2061 1508 2106 su-

440 2152 612 2234 perficies,
641 2171 726 2234 quae
749 2159 921 2216 transeunt
942 2169 1001 2232 per
1016 2160 1151 2216 ceutros
1174 2152 1409 2234 sphaerarum,
1431 2163 1510 2218 suut

440 2283 542 2345 super
564 2282 677 2328 earum
700 2262 890 2344 superficies
913 2264 953 2325 ad
977 2271 1082 2326 rectos
1105 2261 1257 2343 angulos.

482 2374 643 2438 Similiter
675 2375 773 2438 etiam
805 2391 881 2436 cum
911 2375 1010 2436 fuerit
1042 2375 1146 2454 ligura
1176 2373 1297 2436 similis
1328 2377 1511 2456 pyramidi,

438 2487 535 2549 cuius
556 2485 646 2548 basis
666 2502 734 2547 nou
757 2485 800 2548 sit
822 2484 983 2559 circulus,
1006 2486 1064 2548 sed
1085 2485 1239 2548 habuerit
1260 2486 1399 2565 liguram
1417 2488 1506 2550 basis

440 2615 478 2660 ex
498 2597 596 2660 rectis
618 2595 741 2673 lineis;
769 2596 861 2658 visus
884 2603 993 2658 autem
1018 2595 1209 2676 aspicientis
1238 2595 1273 2657 in
1302 2614 1376 2660 eam
1408 2598 1507 2661 luerit

437 2709 619 2789 dispositus
640 2708 727 2770 sicut
747 2707 780 2768 in
804 2706 1010 2787 praecedeuti
1039 2707 1165 2786 ligura,
1189 2725 1255 2770 nou
1280 2707 1398 2770 accidit
1430 2716 1506 2772 tuuc

437 2820 510 2883 lieri
537 2819 833 2882 reverberationem
856 2835 875 2878 a
896 2816 1042 2892 circulo,
1071 2835 1132 2880 nec
1157 2817 1323 2880 videbitur
1343 2818 1450 2882 forma
1470 2820 1504 2882 in

437 2931 599 3006 circuitu,
630 2929 687 2992 sed
718 2929 755 3012 iit
784 2929 1005 2991 reverberatio
1037 2929 1077 2990 ab
1108 2947 1178 2991 uuo
1208 2937 1330 3009 puncto
1357 2948 1396 2992 ex
1424 2949 1506 2994 uno·

363 3067 371 3086 ·
438 3059 570 3124 quoque
600 3039 741 3104 laterum
769 3038 914 3122 speculi,
943 3048 976 3101 et
1004 3039 1065 3101 erit
1093 3038 1151 3103 ille
1179 3046 1340 3120 punctus,
1372 3042 1430 3121 qui
1458 3049 1507 3105 cst

432 3169 534 3235 super
561 3152 683 3214 lineam
713 3151 945 3232 procedentem
975 3168 993 3212 a
1019 3150 1123 3230 capite
1148 3149 1328 3231 pyramidis
1350 3150 1438 3214 iuter
1459 3150 1505 3216 la·

435 3271 519 3338 tara,
541 3270 575 3326 et
595 3262 744 3325 continet
764 3279 840 3325 cum
862 3260 964 3324 latere
985 3261 1073 3324 basis
1091 3268 1218 3343 rectum
1236 3260 1408 3341 angulum.
1431 3247 1505 3326 Pos-

433 3373 528 3436 aibile
552 3380 602 3436 est
623 3381 735 3436 autem
756 3371 946 3453 superficies
967 3371 1064 3444 istas,
1082 3389 1166 3451 quae
1185 3378 1357 3434 transeunt
1371 3389 1427 3452 per
1441 3373 1503 3438 bas

432 3484 597 3550 sectiones
620 3467 749 3546 tentum
764 3483 805 3546 ad
823 3489 949 3563 partem
967 3482 1229 3562 uniuscuiusque
1251 3483 1438 3562 superficiei
1458 3483 1503 3548 la·

434 3602 558 3670 terum,
580 3612 664 3674 quac
688 3593 835 3656 continet
855 3592 1170 3668 reverberationem,
1186 3593 1323 3656 transire
1338 3611 1397 3673 per
1410 3610 1502 3658 exem

433 3713 466 3769 et
486 3705 632 3770 incidere
654 3706 690 3767 iu
713 3703 835 3778 locum,
856 3704 914 3766 ubi
936 3711 985 3766 est
1004 3701 1095 3766 visus
1112 3710 1212 3768 atres
1227 3703 1503 3779 decucurrerit
1582 3783 1585 3788 Δ

380 3817 383 3828 '
433 3833 592 3880 numerus
615 3833 728 3880 earum
751 3815 1018 3879 sicutnumerus
1040 3813 1193 3878 laterum.

475 3928 511 3990 lu
535 3926 726 3990 huiusmodi
750 3941 827 4007 ergo
848 3925 946 3988 rebus
970 3925 1008 3988 tlt
1029 3925 1135 3988 forma
1151 3925 1201 3988 rei
1217 3943 1297 4000 uua,
1319 3927 1368 3990 ita
1388 3933 1499 3990 taratara

430 4045 468 4104 ut
488 4046 557 4102 nou
579 4044 720 4120 ponatur
741 4037 954 4118 principium,
971 4038 1057 4118 quod
1073 4054 1125 4099 res
1140 4037 1181 4100 da
1195 4053 1261 4117 qua
1274 4037 1310 4098 iit
1325 4037 1442 4113 lcrma,
1458 4038 1500 4100 sit

429 4167 566 4230 magra,
583 4150 642 4213 aad
659 4163 735 4213 cum
750 4147 909 4224 ¹ceciderit
923 4162 1036 4210 casum
1049 4147 1138 4212 risus
1153 4147 1226 4210 beri
1242 4147 1277 4210 in
1291 4147 1497 4228 superficiem
