3520 5466
1318 591 1337 656 0
1412 573 1419 594 .

259 703 436 777 corporatio
452 696 655 777 superdueo,
668 709 754 778 quae
766 700 941 778 eondguee
955 704 1036 762 sunt
1049 699 1228 775 uolonibus,
1238 717 1340 782 saper

257 818 341 885 quas
371 807 486 870 exinde
515 807 629 870 lumen
653 807 781 870 incidit.
815 809 920 872 Motus
941 817 1055 873 sutem
1076 817 1109 874 et
1130 812 1225 890 quies
1248 827 1337 876 oom-

258 908 511 996 pnshenduntur
525 917 640 995 utique
655 935 715 998 ρετ
727 918 947 982 mutationem
961 919 1140 984 cuiuslibet
1154 921 1336 1002 praediato-
1387 971 1390 978 .

258 1043 356 1101 rum,
378 1033 411 1089 et
432 1027 653 1106 privationem
673 1028 877 1092 mutationis.
914 1028 1045 1094 dolorm
1067 1031 1204 1112 quidem
1226 1031 1335 1111 splen·

259 1137 354 1200 didos
375 1139 544 1217 eognosoit
564 1137 654 1201 usus
674 1137 890 1219 simplieiter;
925 1147 1032 1204 cetere
1052 1159 1130 1205 vero
1152 1159 1212 1222 ρετ
1232 1141 1335 1215 istos,

260 1263 327 1309 nnn
343 1249 525 1312 seeundum
542 1249 631 1329 quod
647 1247 784 1324 colores,
796 1249 856 1313 sed
870 1251 1056 1314 seeundum
1071 1251 1162 1330 quod
1176 1252 1336 1314 terminos

258 1356 384 1420 babent
404 1343 553 1435 tantum
584 1357 707 1438 figures
730 1358 820 1422 enim
843 1366 876 1424 et
897 1339 1147 1440 magnitudines
1168 1362 1336 1440 cognoseat

256 1483 315 1546 ρετ
335 1467 497 1532 terminos
518 1468 567 1531 rei
589 1467 769 1546 coloratam
791 1469 893 1532 sitnm
914 1477 1025 1534 autem
1048 1487 1107 1551 per
1120 1470 1235 1534 ionum
1247 1471 1332 1534 eius.

254 1577 428 1656 cognoscit
448 1579 548 1645 etiam
570 1579 721 1660 ipsorum
744 1578 894 1643 aelorum
916 1587 1045 1644 motum
1062 1586 1098 1644 et
1113 1581 1260 1660 quietem
1275 1597 1334 1660 ρετ

254 1688 455 1752 mutationes
478 1705 606 1764 eorum,
629 1695 662 1752 ot
676 1688 897 1769 privationem
912 1689 1115 1754 mutationis
1131 1690 1238 1754 Motus
1253 1707 1334 1772 quo·

253 1813 317 1878 qna
339 1803 371 1862 et
392 1799 487 1880 quies
509 1798 692 1879 figurarum
707 1805 740 1864 et
754 1799 1025 1880 magnitudinum
1039 1807 1074 1864 et
1087 1799 1263 1881 positionis
1279 1800 1330 1864 di·

251 1916 460 1990 gnooountur
480 1927 539 1991 ρετ
560 1918 688 1974 motum
710 1918 744 1974 et
764 1910 912 1991 quietem
934 1911 1155 1974 terminorum
1176 1911 1227 1975 rei
1244 1911 1333 1976 nolo·

256 2027 345 2084 rutae
358 2028 391 2084 et
404 2019 554 2084 lotorum
569 2021 652 2083 eius.
666 2023 730 2084 Res
744 2021 835 2084 enim
850 2038 952 2100 quae,
966 2021 1058 2084 vorbi
1073 2021 1187 2101 gratie,
1202 2021 1333 2086 videtur

143 2203 146 2212 ⁴
254 2129 343 2205 alba,
358 2149 426 2194 non
441 2130 557 2210 utique
571 2129 701 2218 ridetur
717 2131 860 2194 rotunda
874 2130 926 2194 vel
941 2147 1050 2212 parva,
1064 2129 1117 2194 vel
1131 2131 1331 2212 propinqua,

255 2247 312 2303 ant
333 2239 461 2303 stabilis
481 2247 614 2320 proptor
635 2233 826 2306 albedinem
848 2239 937 2316 eius,
959 2240 1242 2321 quemadmodum·
1261 2257 1330 2304 non
1394 2267 1396 2288 ·

253 2351 415 2430 reperitur
441 2349 615 2414 diversitas
643 2351 895 2431 rapuissent,
929 2367 1030 2430 quam
1058 2367 1180 2414 manus
1207 2351 1352 2424 sentit,¹

249 2466 383 2540 propter
403 2459 561 2524 duritiem
582 2460 676 2536 eius,
697 2461 802 2524 immo
825 2459 1062 2540 dignoscuntur
1084 2459 1166 2524 haee
1189 2465 1246 2524 aut
1268 2475 1329 2539 per

253 2570 433 2633 terminum
455 2570 533 2645 albi,
555 2578 613 2635 out
633 2589 693 2652 per
713 2570 895 2634 terminum
917 2569 1005 2645 duri,
1026 2570 1124 2634 ouius
1139 2569 1195 2632 bio
1210 2575 1260 2632 est
1275 2568 1332 2632 ba·

253 2681 358 2756 bitus,
379 2682 432 2746 vel
453 2682 538 2746 haee
561 2689 611 2745 ost
628 2681 701 2745 eius
715 2681 910 2762 magnitudo
926 2681 1113 2744 seeundum
1124 2679 1332 2746 oonsnmdo

252 2807 330 2854 nem
351 2809 459 2870 suam;
484 2799 517 2856 et
538 2791 600 2855 hae
621 2791 663 2856 de
684 2807 786 2855 oense
807 2790 978 2872 cognosoit
991 2807 1112 2854 menos
1128 2788 1330 2859 differentias

253 2901 459 2981 repulsarum
482 2920 607 2978 rerum,
629 2919 711 2982 quae
732 2902 845 2976 sentit,
868 2908 901 2964 et
923 2900 1040 2964 oouius
1055 2899 1259 2964 differentias
1273 2915 1329 2965 oo·

253 3009 362 3074 lorum
382 3014 569 3076 seeundum
591 3013 681 3094 ipsos
702 3013 776 3074 sine
798 3011 902 3074 alteru
924 3009 1103 3074 mediante.

293 3122 430 3186 Habitus
446 3129 557 3188 autem
574 3123 783 3204 reliquorum
797 3139 866 3184 non
878 3117 1083 3200 dipsosoitur
1093 3117 1159 3180 nisi
1175 3135 1235 3198 ρετ
1247 3116 1330 3182 been

252 3231 335 3306 duo,
358 3233 517 3311 quoniam
538 3249 606 3296 non
630 3230 970 3312 comprehenduntur,
991 3226 1057 3306 nisi
1081 3243 1141 3308 ρετ
1154 3243 1225 3292 rem
1244 3243 1328 3307 quoe
1415 3226 1423 3250 ⁴

250 3341 351 3406 aliam
366 3343 530 3424 aequitum
545 3341 685 3405 seientia
700 3342 790 3404 enim
806 3357 927 3404 eornm
940 3357 993 3402 res
1006 3345 1055 3402 est
1065 3337 1328 3418 sequenssoien·

251 3453 330 3516 tiam
354 3451 582 3528 sensibilium,
603 3469 689 3534 quae
705 3451 838 3532 proprie
853 3455 903 3514 est
917 3450 1082 3514 sensibus.
1098 3449 1236 3527 Figurae
1255 3445 1327 3526 qut·

251 3565 326 3628 dem
348 3569 382 3628 et
403 3562 649 3644 magnitudines
671 3563 915 3643 dignosountnr
935 3578 995 3641 por
1015 3560 1187 3634 terminos,
1203 3564 1235 3622 et
1249 3558 1330 3636 quia

249 3681 330 3738 sunt
349 3689 402 3738 res
423 3673 662 3754 inseparabiles
678 3690 700 3736 a
714 3672 924 3754 torporibus3
940 3671 1026 3734 situs
1043 3676 1153 3734 autem
1169 3675 1204 3732 et
1214 3674 1328 3732 motus

250 3791 282 3847 et
303 3783 409 3864 quies,
431 3786 513 3864 quie
534 3791 611 3848 sunt
633 3801 685 3846 res
700 3781 904 3862 separabiles
919 3783 1186 3844 etoontinentes.
1201 3778 1270 3852 Qus
1281 3777 1326 3842 de

168 3967 170 3979 k
249 3911 350 3958 rausa
364 3895 497 3976 quaudo
510 3894 680 3976 aperimus
690 3892 806 3957 oeulos
817 3892 853 3954 in
868 3909 943 3956 aere
953 3891 1086 3956 sineere
1100 3887 1327 3954 eirenmdenee

249 4021 319 4080 nos,
334 4003 527 4084 ignoremus
541 4004 682 4084 figurem
701 4002 787 4067 aeris
802 4001 900 4066 nobie
914 4000 1105 4083 propinqui,
1120 4015 1221 4078 quem
1235 4013 1326 4062 onm-

247 4115 423 4195 prehendit
443 4113 591 4197 pyramis
613 4113 772 4187 neuin,
795 4111 876 4194 qnia
896 4111 1108 4194 superiecere
1127 4107 1219 4174 nolon
1231 4106 1325 4174 valde
