3512 5456
1258 605 1319 668 ild

246 712 321 780 loca
348 715 544 791 terminata,
572 714 631 778 sad
658 713 694 776 id
723 713 813 794 quod
836 720 885 776 est
907 713 999 776 inter
1021 715 1040 775 b.
1065 719 1097 778 et
1121 715 1157 790 t,
1187 722 1321 796 apparat

246 835 334 890 extra
359 823 533 906 speculum
561 825 597 886 in
625 823 698 888 loco
725 823 992 914 coniunctionis;
1019 824 1108 904 quod
1135 831 1246 918 autern
1269 833 1320 890 est

246 937 368 1000 interit
389 943 421 999 et
435 954 472 1012 a,
494 941 628 1015 apparet
650 939 725 1000 ante
744 932 917 1014 speculum
933 940 1067 1014 propter
1082 951 1216 998 causam
1233 952 1318 1016 qnae

247 1047 278 1112 ei
298 1047 463 1112 convenit.
486 1046 520 1108 Si
542 1047 632 1110 enim
654 1045 910 1124 protraxerimus
937 1043 1061 1108 lineam
1085 1031 1139 1108 bc't
1160 1051 1193 1106 et
1214 1044 1322 1108 lineas

244 1156 305 1231 dis,
324 1158 383 1234 ds,
406 1162 439 1220 et
454 1156 552 1220 luerit
574 1154 767 1218 coniunctio
790 1172 893 1234 penes
915 1160 1087 1234 punctcse
1110 1162 1142 1216 et
1164 1164 1190 1229 t,
1212 1155 1321 1218 forma

247 1266 398 1348 punctis
420 1267 482 1330 erit
503 1281 602 1346 super
623 1272 783 1346 punctum
811 1266 844 1341 b,
868 1271 901 1328 et
923 1265 1107 1330 secundum
1129 1265 1193 1328 hoc
1213 1266 1323 1338 forma¹

245 1377 499 1454 coniunctionis,
522 1393 587 1456 qua
610 1376 647 1438 flt
670 1393 771 1456 penes
793 1382 955 1458 punctum
972 1387 995 1450 t,
1018 1377 1188 1456 apparebit
1206 1393 1319 1440 versus

245 1487 281 1565 ls,
304 1487 363 1569 qui
395 1493 444 1550 est
475 1493 549 1552 ante
578 1488 595 1550 b
623 1504 738 1550 versus
768 1490 804 1563 d,
834 1487 992 1566 qnoniam
1025 1487 1108 1549 situs
1137 1487 1211 1550 tad
1232 1506 1247 1550 a
1270 1493 1320 1566 est

244 1615 359 1664 versus
380 1596 479 1662 istam
500 1604 640 1679 partem.

285 1707 445 1772 Possibile
477 1715 526 1772 ost
554 1708 653 1772 etiam
682 1707 780 1770 nobis
809 1706 1007 1792 generalitor
1028 1706 1213 1788 intelligere
1235 1706 1319 1772 haec

243 1835 320 1882 cum
341 1837 381 1882 ec
400 1817 489 1898 quod
510 1826 560 1884 est
581 1819 621 1883 de
645 1817 898 1899 congregatione
922 1825 953 1880 et
975 1817 1212 1894 declinatione,
1230 1801 1321 1898 quaa

244 1929 330 1994 flunt
354 1929 391 1992 in
417 1929 483 1992 situ
505 1909 800 2000 coniunctionum,
830 1945 911 2008 quas
935 1927 1077 1990 diximus
1100 1928 1254 1992 devenire
1274 1928 1319 1992 ad

243 2038 515 2120 propinquiorem
537 2037 669 2113 locum,
698 2057 774 2102 cum
796 2038 896 2102 fucrit
918 2037 1088 2117 speculum
1112 2037 1199 2101 sicut
1221 2056 1316 2122 eppo·

242 2149 387 2224 suimus,
409 2155 442 2212 et
463 2149 717 2228 protraxerimus
740 2148 863 2211 lineam
886 2148 948 2212 bde
973 2148 1033 2227 (fig.
1052 2147 1124 2224 57),
1147 2154 1180 2210 et
1198 2165 1316 2226 posue·

243 2259 346 2322 rimus
374 2257 555 2338 quamlibet
582 2258 845 2338 magnitudinem
874 2257 1007 2337 longam
1036 2257 1194 2320 subtilem
1217 2275 1318 2338 snper

243 2368 306 2445 bd,
334 2376 446 2450 utpote
469 2370 519 2431 bz.
549 2368 586 2432 Si
616 2369 707 2432 enim
736 2369 946 2449 posuerimus
977 2366 1118 2433 alterum
1142 2366 1315 2432 oculorum

243 2496 344 2560 snper
364 2487 524 2560 punctum
545 2499 577 2554 a,
600 2486 633 2550 et
653 2479 876 2559 aspexerimus
899 2479 939 2542 ad
961 2480 1019 2553 bs,
1041 2478 1227 2546 videbimus
1250 2479 1316 2544 ior·

243 2605 332 2654 mam
360 2590 433 2653 eins
463 2589 658 2654 continuam
685 2607 761 2652 cum
783 2597 905 2670 puncto
933 2567 950 2651 b
973 2607 993 2652 a
1018 2588 1170 2672 speculo,
1200 2597 1231 2654 et
1254 2589 1318 2654 erit

242 2699 329 2765 inter
357 2699 438 2762 duas
467 2699 622 2779 aequales
653 2700 823 2766 distantias
851 2700 892 2770 de
918 2700 1092 2781 superficie
1114 2701 1261 2782 speculi,
1284 2707 1319 2764 et

243 2810 333 2892 qnod
357 2810 594 2890 imaginabitur
622 2810 785 2888 aspiciens
814 2810 854 2874 de
882 2810 1122 2892 compositione
1153 2811 1315 2892 magnitu·

242 2921 328 2987 diois
343 2927 375 2986 at
389 2921 525 2996 formae,
538 2920 740 2984 assimilatur
752 2919 830 2982 huic
845 2919 970 2998 figurae
985 2922 1045 3001 σῇς.
1060 2919 1150 2998 blot,
1165 2940 1249 3002 qnae
1265 2929 1316 2986 est

242 3030 423 3111 composita
438 3046 477 3094 ex
488 3028 577 3095 linea
590 3031 628 3092 bx
643 3035 675 3094 et
689 3028 955 3093 circumferentia
966 3031 1046 3108 cbp;
1062 3031 1221 3109 quoniam
1236 3048 1317 3099 oum

241 3139 379 3204 visibilis
393 3139 507 3204 radius
522 3139 712 3220 refringitur
727 3140 768 3204 ad
781 3138 1044 3218 magnitudinem
1060 3140 1109 3212 bc,
1125 3141 1313 3204 coniunctio

242 3250 276 3316 in
292 3267 360 3331 qua
373 3249 409 3312 nt
422 3248 515 3314 loona
533 3250 671 3324 formae,
687 3267 754 3312 non
771 3249 871 3314 habet
888 3247 1000 3312 locum
1015 3249 1240 3324 terminatum,
1255 3251 1315 3319 sed

241 3362 303 3426 erit
319 3362 355 3426 ln
368 3359 443 3426 loco
465 3361 579 3442 puncti
600 3381 629 3438 a,
650 3361 709 3426 ubi
730 3367 763 3424 et
784 3361 888 3442 visus;
911 3367 943 3426 et
964 3361 1162 3426 videbuntur
1176 3361 1313 3436 formae,

240 3483 325 3552 qnae
346 3471 382 3536 in
404 3471 539 3553 speculo
555 3479 641 3548 sunt,
657 3473 849 3549 continuae;
873 3478 906 3536 et
921 3473 950 3536 si
965 3472 1009 3547 id,
1027 3471 1116 3552 quod
1132 3478 1181 3536 sat
1195 3490 1312 3552 super·
1361 3457 1364 3468 Α

240 3580 329 3656 cilia,
350 3581 499 3646 fueritin
518 3581 592 3646 loco
613 3602 642 3658 a,
665 3588 698 3646 et
714 3581 804 3646 oculi
826 3582 950 3646 luerint
968 3583 1066 3663 positi
1084 3582 1118 3646 in
1136 3584 1158 3646 b
1179 3587 1212 3650 ct
1231 3582 1267 3644 in
1287 3595 1313 3656 t,

240 3691 348 3756 torma
370 3692 409 3758 bs
431 3697 586 3756 curvatur
616 3692 657 3756 ad
684 3699 811 3772 partem
840 3692 985 3772 speculi,
1020 3699 1052 3756 et
1084 3692 1189 3758 donec
1215 3692 1315 3756 fuerit

240 3801 275 3867 in
298 3801 473 3866 moderata
490 3801 666 3877 distantia,
699 3802 868 3884 apparebit
890 3809 964 3868 ante
987 3802 1123 3878 oculos,
1146 3809 1178 3866 et
1193 3809 1331 3890 'postea'

238 3913 378 3979 vortitur
398 3912 558 3994 paulatim
573 3913 615 3976 ad
636 3929 910 3994 unumquemque
934 3913 1107 3978 oculorum
1129 3913 1312 3978 seeundum

240 4022 381 4087 formam
402 4022 529 4098 literae,
551 4041 636 4105 quae
658 4023 746 4104 apud
767 4023 907 4088 Graecos
930 4031 979 4088 est
1002 4023 1110 4104 alpha,
1126 4030 1158 4088 et
1173 4021 1248 4088 talis
1263 4031 1313 4088 est

241 4132 391 4212 (dabit)
408 4139 442 4198 et
455 4152 523 4198 non
539 4140 644 4200 cessat
660 4151 833 4216 quousque
850 4135 1033 4214 pervenerit
1046 4135 1087 4198 ad
1098 4134 1207 4200 radios
1221 4136 1311 4198 visus

1267 4279 1284 4330 8
