3550 5452
431 581 471 644 28

428 691 641 772 proclivitatis
659 697 691 755 et
707 691 817 772 anguli
839 691 938 754 fuerit
951 687 1135 766 sensibilis3
1159 705 1244 768 quae
1261 705 1338 752 oum
1354 704 1422 752 non
1435 687 1506 752 iue-

429 801 472 864 rit
491 801 680 878 sensibilis,
702 800 868 866 videbitur
891 797 1041 880 aequalis
1064 797 1126 862 illi.
1232 846 1235 858 ,

472 909 506 972 Si
523 928 601 974 vero
616 911 718 974 situm
733 917 884 974 utrarum
899 908 1179 988 magnitudinum,
1195 925 1279 988 quae
1294 907 1421 972 suntin
1436 905 1508 988 ipsa

430 1021 534 1100 figure
556 1020 620 1102 (sip.
646 1021 717 1098 11),
739 1019 973 1100 reliquerimus
995 1019 1030 1082 in
1054 1018 1172 1082 eodem
1195 1023 1291 1092 statu,
1315 1023 1349 1080 ot
1371 1014 1508 1098 copula-

431 1131 580 1195 verimus
599 1130 666 1209 pb,
687 1135 817 1210 semper
838 1130 1003 1194 videbitur
1023 1129 1069 1208 pb
1092 1129 1199 1192 maior
1220 1143 1321 1207 quam
1344 1128 1406 1202 ab,
1429 1125 1509 1207 quia

431 1241 590 1305 remotior
619 1245 668 1304 est
697 1247 729 1304 et
757 1241 863 1319 magis
895 1239 1033 1319 obliqua
1054 1239 1096 1302 ad
1116 1237 1224 1314 latus,
1253 1245 1284 1302 et
1305 1237 1401 1300 nulla
1422 1236 1509 1298 inest

431 1350 602 1414 diversitas
635 1350 764 1430 angulis
802 1369 929 1414 earum.
967 1349 1140 1430 Apparebit
1172 1353 1284 1412 autem
1316 1350 1367 1427 qd
1402 1345 1508 1415 maior

430 1477 530 1541 quam
546 1463 610 1542 tp,
624 1478 701 1524 oum
717 1461 750 1524 id
767 1461 856 1540 quod
870 1478 909 1524 ex
923 1458 1077 1524 distantia
1092 1445 1263 1540 sequitur,
1284 1458 1385 1522 fuerit
1399 1457 1508 1552 maius

430 1569 490 1634 illo
513 1573 603 1652 quod
626 1589 664 1634 ex
685 1571 904 1652 proclivitate3
929 1570 1100 1652 apparebit
1114 1570 1225 1632 minor
1248 1587 1302 1646 eo,
1324 1586 1402 1632 eum
1424 1567 1509 1631 illud

430 1682 520 1762 quod
542 1701 581 1748 ex
602 1667 757 1746 distantia
779 1682 945 1763 sequitur,
969 1681 1108 1762 aequale
1131 1679 1288 1744 fueritin
1310 1697 1422 1747 sensu.

474 1792 538 1854 Sed
554 1809 631 1856 oum
650 1799 811 1872 utraeque
828 1793 1075 1872 magnitudines
1090 1791 1215 1856 fuerint
1228 1791 1346 1854 habitu
1361 1791 1508 1854 diversae

431 1920 470 1966 ox
485 1902 658 1983 praedietis
676 1903 782 1968 tribus
800 1903 959 1983 partibus,
979 1903 1065 1966 siout
1080 1901 1127 1977 fit,
1143 1919 1221 1964 oum
1236 1900 1506 1966 constituerimus

431 2013 588 2093 figuram,
612 2031 696 2094 quae
718 2013 840 2077 habeat
861 2013 964 2075 situm
979 2019 1130 2075 utrarum
1146 2003 1417 2092 magnitudinum
1431 2028 1507 2074 oon·

431 2123 579 2188 similem
603 2123 664 2202 (rip.
681 2124 734 2200 tat
746 2171 753 2198 ‚
765 2129 809 2194 ,et
823 2123 1083 2204 protraxerimus
1097 2123 1221 2190 tineam
1233 2125 1270 2202 pt
1284 2122 1320 2184 in
1335 2123 1362 2197 b,
1378 2138 1508 2202 semper

432 2235 601 2315 apparebit
620 2235 662 2313 pb
684 2234 791 2298 maior
814 2251 914 2313 quam
935 2246 991 2309 zt,
1012 2232 1173 2314 quoniam
1189 2251 1305 2299 omnes
1322 2241 1386 2298 tros
1403 2233 1508 2296 diven-

432 2345 543 2408 sitates
565 2343 741 2409 conferunt
764 2344 812 2419 ei,
834 2351 871 2408 ut
892 2345 1000 2410 maior
1020 2345 1188 2420 videatur,
1209 2343 1364 2410 videlieet
1378 2343 1507 2424 magni·
1575 2390 1586 2434 5

432 2454 511 2518 tudo
525 2453 671 2534 anguli,
701 2454 876 2519 declinatio
905 2455 991 2518 situs
1014 2455 1162 2521 adlatus
1185 2462 1218 2518 et
1238 2454 1432 2566 magpitudo
1459 2454 1506 2518 di·

432 2565 581 2628 stantiae.
597 2565 735 2628 Videtur
751 2565 850 2628 etiam
866 2565 974 2628 maior
989 2583 1090 2644 quam
1104 2566 1160 2642 tt,
1182 2565 1342 2645 quoniam
1354 2567 1393 2644 tp
1409 2565 1509 2629 habat
1590 2621 1593 2628 .

435 2675 516 2737 duas
544 2675 584 2738 de
613 2674 877 2748 diversitatibus,
900 2692 985 2754 quae
1007 2677 1214 2738 constituunt
1234 2693 1306 2740 rem
1326 2675 1508 2749 maiorem,

432 2783 588 2854 videlicet
607 2784 872 2864 magnitudinem
894 2783 1007 2864 anguli
1031 2792 1063 2847 ot
1084 2782 1304 2851 deolivitatem
1325 2785 1418 2854 situs.
1446 2785 1509 2854 Sed

434 2896 481 2957 tm
503 2912 633 2974 semper
654 2893 767 2958 minor
781 2900 831 2958 est
846 2912 947 2974 quam
968 2897 1030 2976 pd;
1053 2895 1228 2959 duoenim
1243 2900 1332 2972 sunt,
1346 2912 1430 2974 quae
1444 2894 1509 2956 boo

433 3005 570 3080 iaciunt,
594 3004 720 3070 seilicet
739 3005 882 3087 parvitas
900 3004 1016 3084 anguli
1032 3012 1065 3068 et
1079 3004 1320 3086 propinquitas.
1343 3005 1436 3080 Quod
1451 3021 1509 3068 au·
1532 3064 1537 3073 .

434 3122 500 3178 tem
527 3115 614 3179 inest
639 3119 706 3194 pd,
736 3133 801 3196 quo
829 3116 941 3183 minor
967 3123 1121 3196 apparet,
1144 3122 1195 3178 est
1216 3117 1324 3181 maior
1345 3115 1508 3197 oppositio

434 3231 583 3300 tantum,
613 3244 675 3288 neo
704 3226 886 3291 secundum
912 3244 1029 3290 omnes
1051 3225 1285 3307 dispositiones
1308 3227 1439 3292 videtur
1460 3229 1508 3290 tm

435 3334 546 3396 minor
568 3351 668 3412 quam
691 3336 743 3398 ob.
765 3335 835 3410 Non
858 3336 949 3399 enim
971 3335 1071 3398 babet
1091 3336 1151 3409 ub,
1173 3351 1241 3414 quo
1263 3336 1372 3400 maior
1392 3335 1509 3402 debeat

433 3444 555 3518 videri,
578 3444 645 3508 nisi
665 3445 928 3524 magnitudinem
950 3444 1064 3525 anguli
1085 3451 1237 3521 tantum,
1260 3447 1319 3520 sed
1340 3448 1389 3511 lm
1409 3446 1511 3509 babet
1532 3495 1539 3506 .

435 3572 521 3634 quae
543 3555 573 3616 ei
595 3554 706 3618 favent
727 3556 917 3621 distantiam
938 3531 1150 3628 remotiorem
1166 3561 1199 3624 et
1213 3557 1316 3620 situm
1338 3555 1508 3622 deelinan-

434 3672 512 3732 tem·
530 3667 572 3728 ad
597 3664 706 3745 latus;
734 3673 844 3734 tamen
868 3671 915 3742 tm
937 3667 1067 3733 videtur
1087 3667 1215 3746 maior,
1237 3687 1315 3738 oum
1332 3669 1508 3738 ‘diversitas

435 3793 521 3856 quae
544 3762 584 3840 ex
604 3775 734 3841 duabus
756 3778 905 3858 partibus
928 3776 1067 3843 insimul
1089 3778 1191 3849 fuerit
1211 3778 1320 3846 maior
1342 3796 1443 3860 quam
1459 3778 1507 3842 di·

436 3887 572 3958 versitas
600 3905 685 3968 quae
714 3906 752 3952 ex
780 3888 935 3968 augulis3
963 3888 992 3960 si
1023 3905 1100 3954 vero
1130 3887 1326 3965 diversitas,
1353 3905 1441 3968 quae
1470 3905 1509 3952 ex

437 3997 567 4070 duabus
589 3999 735 4081 partibus
757 3998 817 4073 flt,
845 4000 947 4065 fuerit
967 3999 1099 4076 minor,
1129 3999 1300 4080 apparebit
1322 4002 1371 4063 tm
1398 4000 1510 4070 minor

387 4096 390 4103 ’
437 4125 537 4188 nuru
557 4111 612 4186 ot,
635 4117 668 4176 et
688 4127 766 4182 oum
786 4109 910 4181 fuerint
931 4110 1100 4192 aequatos.
1122 4111 1328 4192 apparebunt
1343 4109 1507 4192 nouum·
