3512 5456
435 592 542 770 gogus
565 703 606 767 ad
632 699 821 784 spatulum,
847 708 881 766 st
907 699 1191 783 perpendioularie
1217 701 1339 769 radens
1366 717 1444 768 are
1465 702 1513 766 vi-

435 815 543 880 denda
563 814 606 878 ad
626 811 801 894 speculum
817 811 884 875 sint
899 811 1170 892 aequidistantes.
1187 813 1226 876 In
1240 813 1363 894 quihus
1377 831 1512 896 quoque

434 926 519 990 duas
534 921 645 989 lineae
660 921 844 1004 praedictae
854 921 982 984 tuerint
995 921 1198 1003 inaequales,
1212 939 1290 992 oum
1304 923 1406 989 luerit
1421 923 1513 988 husa

433 1053 519 1116 queo
536 1031 670 1114 eopulat
686 1038 838 1096 nentrum
855 1031 1014 1112 sphaerae
1030 1039 1062 1094 et
1076 1050 1149 1096 rem
1162 1032 1337 1100 videndam
1351 1033 1460 1098 maior
1473 1033 1511 1098 li·

433 1163 498 1208 nea
518 1142 673 1218 retraeta,
694 1141 788 1208 loeus
810 1141 927 1223 utique
950 1142 1214 1219 coniunctionis,
1237 1159 1340 1224 quam
1360 1141 1514 1218 dirimire,

434 1253 498 1320 erit
518 1253 565 1318 ihi
585 1253 621 1316 in
643 1251 703 1316 illa
723 1259 828 1332 parte,
850 1271 919 1333 qua
939 1258 990 1316 eet
1011 1252 1200 1334 speculum
1223 1254 1282 1318 sed
1305 1269 1382 1318 oum
1398 1253 1512 1321 radius

433 1364 592 1428 refractus
625 1361 725 1426 luerit
752 1361 861 1428 maior
886 1361 998 1435 linea,
1026 1380 1113 1443 quas
1141 1361 1274 1444 oopulat
1301 1368 1454 1438 nentrum
1478 1369 1513 1430 et

433 1488 505 1538 ram
526 1471 933 1548 ridendam„ooniunetio
954 1472 1027 1553 ipsa
1049 1472 1114 1538 erit
1134 1479 1223 1538 retro
1243 1473 1366 1538 visum.

475 1587 552 1650 usto
566 1584 667 1650 sectio
683 1582 799 1649 oirouli
814 1584 850 1646 in
865 1599 1008 1648 eonoavo
1024 1581 1171 1663 speculo,
1186 1590 1219 1648 et
1234 1583 1279 1648 sit
1289 1585 1354 1664 alp
1370 1583 1434 1666 (Μ.
1447 1586 1510 1660 tt),

434 1695 531 1760 ouius
546 1700 697 1762 centrum
712 1693 756 1757 sit
768 1696 807 1769 dr
821 1700 854 1758 et
868 1711 946 1758 oum
959 1695 1061 1758 luerit
1073 1692 1165 1758 visus
1179 1695 1306 1776 positus
1317 1713 1416 1778 super
1426 1713 1511 1777 pun·

434 1811 527 1870 otum
540 1821 565 1880 t,
582 1804 800 1869 constituatur
810 1803 1033 1868 reverberatio
1042 1804 1084 1868 ad
1094 1803 1250 1886 aequales
1262 1804 1415 1886 angulos.
1426 1806 1514 1872 siout

434 1916 485 1990 ab,
501 1916 556 1990 br,
578 1919 612 1981 et
631 1913 842 1996 protrahatur
863 1932 883 1978 a
904 1913 1303 1995 pantomimarum
1317 1921 1355 1980 ut
1368 1916 1412 1980 sit
1424 1916 1513 1985 siout

431 2028 485 2090 Μ).
508 2024 664 2090 Similiter
685 2023 897 2106 protrahatur
917 2042 938 2088 a
959 2031 1083 2105 punoto
1104 2027 1124 2089 d
1145 2024 1236 2090 linea
1255 2027 1317 2100 ot,
1339 2025 1387 2090 ita
1407 2032 1447 2090 ut
1467 2026 1513 2102 sil

434 2137 543 2201 maier
563 2153 665 2216 quam
687 2137 735 2209 tt,
758 2141 790 2199 et
804 2152 921 2198 rursus
936 2133 1148 2216 protrahatur
1161 2133 1252 2201 linea
1263 2138 1320 2212 dr,
1334 2136 1383 2200 ita
1397 2143 1435 2200 ut
1448 2137 1511 2202 mi*

434 2264 496 2313 nor
513 2263 613 2327 quam
630 2246 686 2320 rb,
707 2245 841 2326 sintque
855 2262 909 2308 res
924 2244 1083 2308 videndae
1096 2264 1130 2320 ι,
1145 2247 1178 2322 t,
1193 2254 1219 2320 t,
1235 2251 1267 2313 ut
1280 2245 1326 2310 sit
1341 2263 1511 2328 unaquae-

435 2374 501 2436 que
515 2355 691 2428 linearum,
706 2372 791 2436 quae
807 2354 930 2420 fuerint
943 2355 1122 2436 productae
1137 2356 1178 2418 ab
1193 2376 1209 2421 e
1222 2355 1266 2420 ad
1278 2374 1332 2420 res
1344 2356 1511 2432 videndus,

434 2466 555 2530 uadens
569 2466 655 2528 inter
669 2473 819 2530 nentrum
834 2465 995 2546 sphaerae
1009 2471 1041 2530 st
1054 2465 1238 2547 speculum,
1248 2472 1288 2530 ut
1297 2485 1349 2530 oa.
1363 2466 1511 2540 Dicimus

434 2593 522 2656 ergo,
537 2577 628 2657 quod
648 2578 696 2642 ult
717 2576 943 2657 aequidistans
961 2582 1011 2640 est
1024 2577 1077 2651 ab,
1093 2583 1126 2642 et
1139 2580 1178 2641 dt
1192 2575 1344 2666 iungitur
1358 2578 1389 2644 ei
1403 2577 1439 2642 in
1452 2577 1513 2642 illa

370 2739 376 2750 .
434 2693 547 2768 perte,
570 2705 635 2767 quo
667 2693 717 2750 est
747 2686 935 2768 speeulum,
964 2694 997 2752 et
1022 2687 1113 2769 quod
1134 2690 1176 2752 da
1198 2687 1348 2768 iungitur
1372 2688 1406 2753 ei
1424 2695 1512 2756 retro

434 2797 661 2879 aspicientem.
680 2797 762 2872 Ouia
776 2798 876 2878 igitur
891 2801 938 2862 ut
952 2805 1003 2862 est
1015 2799 1102 2862 sieut
1118 2799 1177 2876 te,
1194 2799 1259 2863 erit
1272 2798 1416 2880 auqmus
1429 2800 1510 2874 ullu,
1601 2862 1604 2872 ,

435 2908 493 2988 qui
515 2915 565 2972 est
579 2909 666 2974 siout
688 2907 830 2988 angulus
847 2911 930 2984 aba,
952 2908 1100 2990 aequalis
1116 2909 1236 2990 angius
1251 2911 1336 2982 dtur
1358 2909 1421 2974 erit
1433 2927 1511 2990 erpo

435 3017 576 3098 angulus
597 3020 664 3084 bellu
684 3019 771 3083 siout
792 3019 933 3100 angulus
954 3021 1034 3092 dle:
1057 3019 1126 3082 erit·
1134 3020 1236 3100 igitur
1248 3019 1339 3089 lineo
1351 3020 1389 3084 th
1401 3021 1513 3101 sequi·

434 3129 560 3192 distans
580 3129 690 3194 lineae
710 3132 766 3200 dt.
799 3130 927 3195 Rursus
948 3147 1026 3196 ourn
1047 3129 1138 3199 linea
1158 3132 1193 3194 lt
1213 3131 1258 3194 sit
1278 3129 1390 3194 minor
1410 3149 1511 3212 quam

434 3243 485 3315 tlt,
508 3241 572 3304 erit
593 3242 736 3322 angulus
757 3241 817 3304 ldt
839 3242 950 3307 minor
972 3241 1091 3322 angulo
1113 3243 1189 3336 ult,
1212 3241 1270 3322 qui
1286 3242 1438 3309 estaiout
1456 3259 1513 3308 au·

435 3349 533 3430 gelus
554 3353 630 3426 dbe;
653 3351 761 3416 linoae
783 3369 859 3431 argo
880 3353 932 3428 et,
955 3354 991 3414 ott
1011 3352 1196 3434 iunguntur
1209 3352 1245 3416 in
1259 3359 1351 3434 purte
1372 3359 1511 3434 peneto·

435 3479 510 3526 rum
542 3463 593 3536 tt,
626 3462 682 3543 qui
716 3463 852 3526 suntin
874 3463 934 3526 illa
955 3470 1067 3544 parte,
1096 3464 1132 3530 in
1154 3471 1294 3546 quaest
1316 3463 1510 3546 spequum,

436 3571 596 3652 quoniam
618 3573 658 3636 ba
679 3589 811 3654 semper
832 3573 1025 3654 refringitur
1046 3575 1086 3638 ah
1109 3574 1216 3639 altera
1235 3573 1379 3654 partium
1401 3573 1511 3641 lineae

436 3685 488 3748 bd.
510 3683 669 3748 Similiter
690 3684 791 3750 etiam
806 3703 883 3750 eum
900 3683 1042 3765 angulus
1063 3687 1133 3751 hdr
1154 3685 1376 3752 fueritmaior
1389 3685 1510 3768 angulo

434 3795 513 3868 dtr,
535 3795 594 3875 qui
610 3802 660 3860 est
676 3793 797 3862 similis
812 3796 934 3876 angulo
954 3799 1032 3872 ate,
1054 3795 1176 3862 dehent
1197 3797 1314 3878 utique
1334 3797 1511 3864 resumite

434 3891 544 3972 lineae
566 3907 618 3982 be,
639 3909 682 3970 da
702 3907 737 3970 in
759 3925 800 3970 ea
821 3913 1005 3989 partaque
1020 3914 1097 3972 sunt
1110 3909 1224 3990 punoti
1237 3929 1266 3985 a,
1281 3911 1315 3986 cl,
1331 3915 1365 3974 et
1378 3915 1511 3974 estma-

434 4017 594 4082 niiestum
616 4019 706 4099 quod
727 4020 917 4111 eonlunotio
938 4020 976 4084 fit
988 4027 1075 4084 retro
1099 4020 1329 4102 aspioientem,
1351 4020 1512 4104 quonium

434 4147 473 4192 zo
493 4133 543 4192 est
564 4129 650 4193 intsr
672 4131 688 4193 b
710 4136 743 4194 et
764 4132 795 4194 d.
