3550 5452
445 619 485 682 86

445 746 482 792 ex
504 729 575 807 ipso
599 725 728 789 ellectu.
751 726 842 788 Patet
864 726 965 788 etiam
983 723 1187 802 naturaliter,
1203 723 1292 803 quod
1308 725 1433 788 formae
1450 742 1520 788 ma·

444 835 657 916 gnitutlinum
678 834 912 898 continuarum
941 833 1138 914 coaequales
1167 841 1278 913 partes
1301 833 1518 906 habentium,

444 957 585 1026 quarum
608 944 750 1008 totalitas
773 944 957 1023 figurarum
979 943 1128 1024 aequalis
1151 950 1216 1016 esti
1240 959 1315 1007 enm
1339 943 1461 1006 luerint
1483 944 1518 1005 in

445 1054 589 1135 speculis
610 1053 787 1118 stabilibus
809 1055 847 1114 in‘
868 1053 986 1116 eodem
1008 1052 1125 1114 habitu
1151 1059 1184 1114 et
1206 1071 1274 1114 non
1298 1052 1420 1116 luerint
1441 1071 1520 1116 oon-

446 1164 539 1228 lusae
554 1191 561 1238 t
579 1163 708 1254 'halent
729 1162 869 1226 fonnem
891 1162 992 1224 onius
1011 1161 1166 1242 imaginis
1189 1160 1371 1241 simplicis:
1395 1161 1521 1224 insitu

445 1273 535 1338 euim
558 1273 755 1337 huiusmodi
778 1289 890 1336 rerum
914 1272 1087 1336 continuos
1109 1277 1217 1350 partes
1235 1270 1428 1335 habentium
1451 1288 1526 1334 non.

445 1386 530 1446 'sunt
546 1381 631 1446 aliae
652 1389 760 1462 partes
783 1381 818 1444 in
839 1379 953 1460 aliquo
975 1381 1081 1460 magis
1097 1382 1295 1462 praecipuae
1308 1381 1517 1460 quamallee.

487 1491 646 1554 Possilrile
665 1498 714 1554 est
732 1495 844 1554 autem
861 1491 958 1554 nobis
973 1507 1052 1552 oum
1066 1489 1120 1552 his
1134 1508 1220 1569 quae
1236 1489 1389 1566 diximus,
1404 1491 1519 1568 digno·

446 1615 538 1666 soene
554 1599 867 1664 hoom'athematiee
878 1597 1030 1675 laoilitem
1047 1597 1200 1662 videlieet
1211 1600 1241 1662 si
1253 1598 1520 1679 copularemmus

446 1710 551 1774 lineas
565 1728 625 1785 nz,
639 1719 674 1788 qt
692 1709 753 1788 (fio.
769 1707 839 1784 ret,
863 1714 895 1770 et
916 1707 1158 1787 signaverimus
1171 1727 1272 1788 super
1285 1709 1520 1772 oironmferen-

445 1819 525 1881 tiam
546 1839 590 1882 az
611 1835 790 1880 concavam
805 1824 968 1898 punctum
982 1838 1017 1897 p,
1036 1825 1070 1880 el
1085 1818 1294 1896 posuerimus
1310 1817 1521 1898 quodvtorma

449 1929 521 1991 eius
548 1927 591 1990 sit
613 1937 713 2006 super
735 1927 859 1990 lineam
881 1934 1023 1999 rectam,
1045 1945 1131 2006 quae
1147 1935 1197 1990 est
1211 1936 1262 2005 pt,
1278 1934 1311 1990 et
1325 1928 1520 2006 protraxeri-

445 2055 520 2100 mus
542 2029 666 2102 lineam
689 2037 968 2116 aequidistantem
991 2035 1099 2098 lineae
1122 2037 1267 2100 obt-erit
1288 2036 1519 2116 proportione

447 2149 563 2228 adpo
588 2146 675 2208 siout
698 2127 866 2234 ¹proportio
888 2157 924 2208 ot
952 2147 994 2207 ad
1019 2155 1076 2224 tp,
1104 2145 1324 2226 et'proportlo
1352 2147 1393 2208 lut
1419 2145 1461 2208 ad
1487 2149 1522 2208 iz

446 2257 531 2318 siout
552 2256 720 2335 proportio
744 2257 787 2315 bo
810 2255 851 2318 ad
873 2257 922 2329 ri,
945 2261 978 2316 et
999 2253 1091 2318 linea
1111 2265 1146 2316 ot
1172 2253 1319 2334 aequalis
1338 2254 1447 2319 lineae
1465 2255 1520 2327 bz,

447 2373 479 2428 et
494 2365 582 2426 linea
594 2374 632 2442 pt
647 2363 795 2443 aequalis
810 2363 919 2426 lineae
930 2367 978 2437 iz,
991 2371 1023 2426 et
1033 2361 1122 2426 linea
1132 2381 1175 2442 op
1186 2363 1451 2442 aequalis'lineae
1466 2366 1518 2432 la.

448 2473 513 2536 llrit
534 2487 611 2552 ergo
633 2471 725 2536 linea
737 2485 787 2554 'ps
809 2472 957 2553 aequalis
972 2473 1081 2536 lineae
1096 2475 1142 2546 ia‘,
1160 2480 1193 2536 et
1207 2473 1296 2534 linea
1307 2491 1357 2554 po
1372 2472 1521 2552 aequalis

363 2581 371 2594 '
447 2581 556 2644 lineae
589 2586 645 2662 ip.
678 2584 837 2652 Remaael
859 2601 936 2662 ergo
959 2582 1049 2646 linea
1081 2593 1130 2660 oy
1162 2580 1309 2661 aequalis
1332 2582 1440 2644 lineae
1462 2601 1518 2654 au,

449 2699 481 2754 et
502 2691 593 2756 linea
609 2695 647 2772 pli
668 2692 775 2756 maior
796 2707 896 2771 quam
917 2691 1009 2754 linea
1027 2693 1177 2758 rosilon
1202 2711 1280 2770 ergo
1303 2693 1338 2756 in
1360 2701 1484 2771 putroto
1498 2711 1522 2756 o

334 2799 337 2805 '
448 2803 618 2881 apparebit
638 2802 745 2864 lomna
766 2822 797 2881 y,
821 2801 977 2865 distantia
998 2819 1078 2866 vero
1097 2821 1118 2880 y
1140 2819 1160 2864 a
1182 2807 1344 2880 punctos
1364 2807 1416 2866 ‘est
1437 2801 1523 2866 siout

449 2910 607 2974 distantia
630 2929 654 2974 o
680 2928 699 2972 a
720 2918 843 2992 puncto
870 2931 901 2985 o,
926 2911 992 2974 e'rit
1015 2929 1092 2990 ergo
1113 2909 1169 2975 hio
1190 2917 1335 2990 punctus
1355 2923 1455 2990 super
1476 2911 1520 2972 li·

449 3037 548 3086 neam
570 3033 756 3086 concavam.
779 3020 938 3086 Similiter
960 3021 988 3084 si
1011 3022 1221 3100 posuerimus
1244 3019 1523 3100 qualemeumque

450 3129 573 3194 lineam
597 3115 915 3211 copulantemdnos
937 3138 1085 3219 punctos„
1100 3131 1235 3204 formae,
1254 3130 1459 3210 impossihile
1475 3139 1525 3194 est

448 3243 644 3320 supeream
666 3239 811 3304 inridere
833 3240 974 3304 formam
996 3239 1175 3304 cuiuslibet
1196 3241 1237 3304 de
1259 3239 1526 3304 oiroumlerentia
1560 3305 1564 3308 .

448 3365 563 3422 curve,
585 3349 710 3412 neoda
733 3348 1000 3414 eiroomferentia
1022 3366 1174 3413 concava.
1196 3391 1200 3402 ·
1616 3338 1620 3348 “

491 3459 529 3522 In
543 3456 653 3538 planis
671 3455 816 3538 speculis
834 3457 963 3522 ridetur
978 3456 1070 3524 locus
1086 3459 1319 3522 formae-inea
1336 3464 1446 3540 porte,‘
1457 3477 1523 3540 qus

450 3575 482 3630 et
504 3585 557 3632 res
579 3581 672 3639 vera,
696 3566 792 3629 onius
819 3574 868 3630 est
890 3567 1011 3641 forma,
1034 3576 1066 3631 et
1087 3587 1163 3632 eum
1179 3579 1231 3632 ret
1245 3569 1406 3633 videndae
1421 3567 1521 3632 deeli-

450 3676 600 3740 naverint
633 3677 674 3738 ad
706 3674 852 3756 aliquam
880 3683 1026 3756 partem,
1052 3677 1219 3740 declinant
1241 3679 1365 3741 formae
1388 3693 1522 3752 aarum,

450 3785 536 3848 sieut
558 3792 692 3864 apparet
713 3785 827 3860 oculo,
856 3786 896 3848 ad
920 3787 1071 3850 eamdem
1092 3793 1229 3866 partem.
1262 3787 1310 3851 sit
1331 3789 1367 3852 in
1390 3787 1524 3873 speculo

450 3895 549 3974 plano
571 3902 661 3958 reeta
682 3893 772 3958 linea
794 3897 859 3974 aba
876 3896 938 3976 (Μ.
956 3897 1026 3971 ott,
1049 3896 1195 3960 elvisus
1217 3897 1261 3960 sit
1281 3899 1316 3971 d,
1338 3915 1392 3960 res
1413 3905 1525 3960 autem

450 4003 592 4068 videnda
609 4021 661 4077 ez,
680 4011 713 4068 et
731 4005 952 4084 refringantur
971 4005 1077 4068 avisu
1091 4007 1113 4068 d
1129 4005 1195 4069 duo
1210 4006 1295 4070 radii
1310 4007 1353 4070 ad
1367 4005 1524 4100 'aequales

451 4114 589 4191 angulos
609 4115 650 4176 ad
663 4122 806 4192 punotos
822 4133 849 4187 e,
864 4135 898 4188 z,
919 4123 950 4178 et
967 4116 1035 4178 sint
1048 4117 1127 4204 dae„
1141 4117 1222 4190 ebs,
1241 4123 1274 4180 et
1292 4116 1527 4196 protrahantur
