3550 5452
438 597 479 662 tt

438 715 476 772 ut
496 707 663 789 proportio
685 710 736 783 mi
757 708 798 770 ad
821 709 893 782 ita,¹
907 708 966 770 sed
987 707 1028 771 tr
1051 715 1101 772 est
1116 707 1202 771 siout
1220 710 1274 780 td:
1291 707 1369 788 ergo
1384 709 1436 770 mi
1449 709 1512 771 erit

436 820 525 882 siout
543 820 602 883 tn.
625 819 750 882 Rursus
766 817 1003 898 protrahantur
1020 817 1187 898 apuuotis
1201 835 1261 892 z‚o
1278 817 1364 880 duae
1380 832 1517 897 perpen-

439 927 602 992 diculares
613 947 694 1008 prr,
706 931 766 1009 sep
778 945 877 1007 super
892 929 951 1006 by,
964 935 997 992 et
1007 927 1222 991 ostendamus
1238 929 1328 1008 quod
1343 934 1517 1008 punctusz

438 1055 541 1118 super
562 1045 723 1119 punctum
745 1057 764 1117 p
785 1038 968 1116 ridebitur,
984 1043 1018 1102 et
1038 1043 1181 1119 punctus
1201 1037 1404 1118 pridsbitur
1418 1055 1518 1120 super

437 1154 601 1228 punctum
621 1167 657 1222 ο,
678 1147 769 1228 quod
791 1148 1047 1223 demonstratur,
1065 1147 1094 1210 si
1110 1147 1355 1212 ostenderimus
1373 1148 1464 1230 quod
1478 1147 1518 1210 li·

439 1274 524 1322 neae
543 1275 608 1336 pr,
629 1276 674 1320 rr
701 1265 780 1320 sunt
801 1253 1034 1336 aequales‚'·'et
1055 1257 1147 1337 quod
1166 1257 1275 1322 lineae
1298 1260 1354 1337 ot,
1372 1275 1419 1338 po
1439 1263 1521 1320 sunt

421 1365 615 1454 ⁸aequalem
643 1365 799 1432 videlieet
820 1367 900 1447 quia
920 1367 1089 1448 proportio
1109 1367 1147 1429 tt
1169 1367 1211 1430 ad
1232 1369 1269 1430 ta
1290 1374 1329 1429 ut
1349 1367 1518 1448 proportio
1561 1343 1569 1364 ’

441 1471 482 1539 irs
509 1476 551 1540 ad
575 1495 631 1556 pr,
658 1484 691 1540 et
719 1477 888 1558 proportio
912 1478 948 1539 kl
971 1478 1012 1539 ad
1034 1478 1067 1540 ia
1089 1483 1126 1540 ut
1147 1477 1315 1558 proportio
1339 1477 1435 1541 trad
1461 1493 1520 1553 err

441 1586 611 1666 proportio
632 1593 744 1650 autem
766 1597 799 1648 te
820 1587 861 1650 ad
883 1605 924 1649 er
944 1585 1033 1650 siout
1053 1586 1222 1667 proportio
1246 1588 1284 1650 td
1305 1585 1348 1648 ad
1368 1605 1427 1660 rr,
1454 1587 1519 1650 erit

444 1697 612 1776 proportio
633 1697 671 1759 irs
683 1697 725 1760 ad
739 1715 780 1775 qr
794 1697 881 1758 sieut
894 1697 1063 1776 proportio
1078 1699 1116 1758 td
1131 1696 1173 1758 ad
1187 1715 1239 1770 ar,
1255 1703 1288 1760 et
1302 1695 1517 1776 permutatim

443 1805 506 1867 erit
526 1807 697 1886 proportio
718 1805 759 1870 its
785 1807 826 1870 ad
853 1807 893 1870 td
919 1807 1007 1869 siout
1033 1806 1201 1886 proportio
1228 1824 1273 1884 qr
1299 1807 1341 1868 ad
1366 1821 1430 1880 rr,
1460 1805 1520 1868 sed

442 1911 484 1978 irs
505 1922 556 1980 est
576 1917 661 1980 siout
683 1919 737 1994 td‚·
759 1916 822 1980 erit
845 1934 922 1997 ergo
943 1935 988 1996 qr
1008 1917 1095 1978 siout
1115 1935 1170 1978 zr.
1192 1917 1318 1978 lterum
1341 1914 1421 1996 quia
1441 1932 1521 1996 pro-

444 2024 552 2102 portio
572 2024 614 2088 os
633 2025 676 2089 ad
696 2029 739 2105 of
752 2025 840 2090 siout
861 2027 1031 2108 proportio
1053 2025 1090 2088 rt
1109 2025 1151 2088 ad
1166 2026 1209 2104 τῇ·
1225 2023 1393 2104 proportio
1410 2031 1522 2086 autem

405 2197 409 2206 ,
446 2131 485 2196 tr
507 2134 546 2198 ad
569 2137 604 2216 lp*
618 2133 705 2198 siout
718 2135 886 2216 proportio
903 2144 936 2200 te
950 2135 992 2197 ad
1007 2151 1055 2209 eo,
1071 2135 1157 2196 siout
1170 2134 1337 2215 proportio
1354 2135 1392 2196 td
1404 2133 1447 2197 ad
1462 2150 1523 2212 op;

448 2242 512 2306 erit
533 2244 705 2324 proportio
725 2245 765 2307 tr
785 2244 829 2307 ad
848 2248 885 2324 fo
907 2245 995 2309 siout
1015 2245 1183 2326 proportio
1206 2245 1243 2308 td
1264 2242 1305 2305 ad
1326 2259 1385 2322 op,
1407 2250 1440 2306 ot
1453 2259 1525 2322 per·

448 2353 604 2414 mutarim
624 2354 688 2417 erit
708 2354 876 2435 proportio
891 2356 929 2418 irs
945 2356 986 2418 ad
1007 2355 1059 2433 td,
1081 2355 1167 2418 siout
1184 2352 1350 2436 proportio
1364 2355 1407 2432 of
1416 2353 1456 2416 ed
1471 2369 1525 2432 op,

449 2461 507 2524 sed
526 2460 566 2524 its
587 2469 637 2526 est
658 2468 696 2526 ut
717 2465 771 2537 td,
792 2462 883 2527 linea
904 2481 982 2544 ergo
996 2464 1112 2544 oserit
1126 2463 1214 2526 siout
1226 2461 1317 2525 linea
1331 2479 1383 2542 op.
1399 2463 1526 2524 Rursus

449 2578 583 2652 propter
602 2571 668 2636 hoo
689 2573 768 2653 quia
789 2573 827 2636 tr
855 2580 905 2638 est
925 2576 1033 2636 maior
1054 2591 1156 2653 quam
1177 2576 1229 2652 fo,
1256 2579 1287 2635 et
1305 2572 1345 2634 tt
1366 2572 1453 2636 siout
1472 2573 1526 2644 ds,

447 2681 514 2744 erit
533 2681 650 2761 utique
671 2685 711 2746 dr
732 2684 840 2746 maior
861 2699 962 2763 quam
984 2703 1047 2766 op,
1069 2691 1102 2748 et
1115 2690 1259 2764 punctus
1269 2701 1291 2762 p
1308 2681 1529 2763 propinquior

452 2790 495 2870 ad
515 2798 678 2870 punctum
690 2795 723 2868 d,
740 2795 798 2873 qui
812 2799 864 2857 est
878 2794 1070 2856 coniunctio
1087 2795 1212 2867 axium,
1229 2809 1329 2872 quam
1345 2798 1487 2872 punctus
1498 2791 1527 2852 d.

428 2878 429 2889 ἵ
452 2899 574 2964 Rerum
596 2919 690 2982 ergo,
713 2920 733 2965 a
756 2903 879 2984 quihus
906 2903 1089 2984 prooedunt
1114 2901 1404 2983 perpendiculares
1431 2917 1531 2980 super

342 3043 345 3049 ·
452 3027 666 3075 eommunem
690 3030 798 3090 axem,
813 3013 873 3076 iila
887 3014 984 3076 ouius
999 3029 1096 3076 nasus
1111 3030 1211 3093 super
1224 3013 1336 3092 ipsum
1352 3027 1445 3072 axem
1459 3027 1530 3089 pro-

451 3121 612 3203 pinquior
633 3130 683 3186 est
704 3125 746 3187 ad
769 3131 930 3205 punctum
953 3122 1198 3187 coniunctionis
1220 3129 1374 3186 utrorum
1397 3121 1530 3193 axium,

454 3230 583 3294 videtur
604 3234 825 3315 propinquior
845 3235 887 3300 ad
908 3251 1024 3296 verum
1045 3233 1159 3296 iocum
1174 3249 1287 3307 suurn,
1306 3237 1338 3294 et
1352 3247 1438 3310 quoe
1452 3236 1531 3292 sunt

454 3357 474 3403 a
494 3339 731 3406 coniunctione
752 3343 863 3406 axium
886 3343 1089 3417 remotiores,
1104 3339 1259 3406 videntur
1279 3341 1316 3403 iu
1339 3357 1407 3404 uno
1422 3339 1532 3402 ioooa

454 3448 581 3513 maiore
604 3450 769 3514 distantia.
1440 3537 1442 3542 ,

496 3559 705 3624 Manifestum
728 3568 778 3624 est
797 3561 900 3626 etiam
923 3581 962 3626 ex
982 3561 1035 3624 his
1057 3577 1143 3641 quae
1165 3560 1325 3635 diximus,
1345 3557 1436 3640 quod
1449 3555 1533 3620 illud

456 3668 546 3748 quod
569 3668 608 3732 de
629 3668 737 3732 forma
756 3671 996 3751 magnitudinis
1018 3676 1173 3751 apparet,
1200 3669 1302 3732 habet
1324 3665 1532 3730 consimiiem

453 3777 611 3857 figuram,
632 3798 711 3842 oum
732 3780 768 3842 in
792 3771 865 3844 earn
889 3781 1127 3862 aspexerimus,
1151 3779 1209 3842 sed
1232 3779 1403 3841 diversitas
1420 3775 1484 3840 erit
1496 3774 1533 3838 in

456 3888 620 3967 positione
642 3907 703 3954 sua
725 3896 864 3953 tantum.
882 3891 921 3954 In
936 3871 1087 3953 rotundis
1102 3905 1235 3969 quoque
1257 3888 1355 3950 rebus
1374 3881 1535 3964 contingit

396 3980 398 3986 ¹
456 3999 492 4062 id
512 4000 603 4080 quod
625 4017 838 4082 exponemus.
870 3999 944 4064 Sint
966 4000 1031 4063 dun
1055 4015 1129 4062 axes
1151 4017 1214 4077 op,
1237 3997 1279 4076 ip
1300 3995 1373 4078 (Μ.
1395 3993 1479 4070 iit,
1502 3999 1536 4056 st

456 4109 668 4188 protrahatur
695 4129 796 4193 super
825 4127 880 4175 eos
909 4109 1176 4174 circumferentia
1196 4106 1534 4189 quomodooumque‚
