3550 5452
441 611 482 675 ill

441 728 532 797 terat,
553 720 777 784 minutionem
798 735 886 791 vero,
907 715 1106 780 cumiuerlt
1121 717 1244 780 minor.
1263 716 1369 782 Sentit
1382 734 1517 798 quoque

441 832 661 896 mutationem
683 831 819 908 figurae,
843 845 921 891 cum
944 828 1051 904 ligure
1066 828 1119 890 rei
1133 829 1320 908 apparentis
1341 829 1518 892 mutaverit

441 941 652 1023 superficiem
681 940 769 1002 basis
797 937 983 1001 visibilium
1012 937 1182 1000 radiorum
1205 938 1396 1000 cadentium
1419 955 1518 1018 super

442 1069 544 1116 unam
565 1057 599 1115 et
619 1051 759 1114 eandem
780 1065 868 1124 rem;
888 1055 922 1111 et
942 1047 1045 1112 sentit
1057 1048 1280 1111 mutationem
1295 1048 1425 1123 coloris,
1440 1065 1516 1112 cum

442 1162 533 1225 color
550 1162 608 1240 qui
623 1179 661 1224 ex
676 1177 744 1224 uno
767 1165 800 1221 et
822 1158 939 1222 eodem
961 1176 1098 1246 corpore
1121 1158 1240 1260 accidi}
1258 1158 1357 1232 risui,
1375 1159 1519 1222 mutabi-

442 1281 511 1347 tur,
534 1278 568 1335 et
588 1271 677 1334 visos
699 1269 884 1351 susceperit
906 1270 1005 1332 aliam
1028 1269 1219 1348 passionem
1242 1269 1282 1332 de
1305 1268 1517 1348 passionibus

442 1381 592 1446 colorum
614 1381 645 1444 ei
668 1381 892 1444 accidentium
914 1399 934 1444 a
955 1379 1103 1442 subiecta
1124 1396 1171 1442 re.

485 1491 615 1572 Species
644 1471 756 1554 autam
785 1489 1014 1553 sensibilitatis
1037 1490 1077 1552 de
1100 1494 1194 1552 motu
1220 1487 1448 1552 translationis
1468 1489 1520 1552 in-

445 1603 533 1682 diget
553 1599 745 1681 particulari
768 1599 990 1672 distinctione,
1012 1597 1051 1662 ut'
1067 1599 1312 1663 demonstretur
1333 1599 1443 1679 qualis
1465 1600 1519 1673 sit,

446 1720 480 1775 et
506 1716 724 1791 cognoscatur
738 1709 882 1775 -habitus
909 1708 981 1772 eius
1004 1708 1039 1770 in
1061 1709 1255 1782 mutatione.
1290 1710 1394 1772 Causa
1418 1710 1520 1790 igitur

442 1821 577 1884 ridendi
599 1839 649 1894 ea,
671 1837 756 1901 quae
778 1820 818 1882 de
839 1819 892 1882 hie
915 1827 1073 1900 apparent
1094 1818 1333 1899 principaliter,
1355 1819 1467 1883 existit
1482 1819 1518 1882 in

445 1933 516 2011 ipso
544 1931 638 2009 nisu;
668 1930 934 2011 unumquodque
958 1929 1049 1992 enim
1071 1928 1200 1992 videtur
1220 1928 1361 2003 stabile,
1385 1930 1519 2010 quando

444 2041 630 2122 principio,
658 2040 695 2103 in
723 2059 789 2121 quo
813 2047 864 2105 est
883 2040 997 2115 visus,
1019 2057 1088 2102 non
1110 2039 1228 2103 accidit
1249 2037 1421 2102 translatio
1443 2057 1519 2103 sen·

443 2152 552 2216 sibilis
574 2151 609 2213 in
632 2158 780 2232 tempore
809 2152 989 2226 continuo,
1012 2157 1045 2215 et
1069 2151 1230 2214 terminus
1253 2151 1355 2213 unius
1378 2156 1411 2214 et
1432 2150 1538 2213 eius·-

445 2263 523 2326 dem
544 2261 631 2324 radii
652 2260 904 2342 comprehendit
926 2261 966 2324 de
988 2261 1137 2324 subiecta
1152 2259 1187 2324 r'e
1202 2278 1306 2326 mam
1322 2266 1356 2324 et
1370 2261 1519 2324 eamdem

440 2378 572 2452 ‘partem
594 2372 629 2433 in
652 2389 772 2445 sensu,
796 2379 853 2434 aut
873 2387 949 2434 cum
964 2371 1167 2434 cecideritin
1182 2387 1221 2434 eo
1237 2369 1404 2451 quaelibet
1418 2375 1520 2436 traus-
1588 2447 1591 2452 ,

445 2480 540 2555 latio,
563 2486 596 2543 et
618 2481 787 2561 apparebit
807 2480 989 2555 scrutanti,
1012 2481 1101 2560 quod
1122 2482 1324 2560 quantitates
1346 2480 1521 2547 distantiae

447 2590 633 2665 radiorum,
657 2591 778 2670 quibus
800 2607 853 2656 res
876 2591 1017 2663 videtur,
1038 2591 1163 2654 luerint
1179 2588 1338 2670 aequales
1352 2590 1387 2652 in
1403 2606 1521 2669 aeque·

446 2699 534 2764 libus
562 2700 781 2780 temporibus3
812 2717 879 2762 non
906 2700 1117 2779 cognoscitur
1138 2701 1217 2763 inde
1239 2706 1348 2763 motus
1370 2706 1404 2762 et
1425 2699 1520 2780 quies
1609 2761 1614 2768 .

446 2809 553 2883 rtem,
575 2826 638 2873 nec
660 2793 829 2888 quantitas
851 2827 968 2872 eorum
991 2825 1049 2888 per
1069 2808 1195 2883 visum,
1219 2810 1279 2874 sed
1300 2826 1359 2890 per
1380 2826 1519 2873 sensum

447 2925 574 2993 tactus,
597 2919 656 2998 qui
677 2920 828 2999 pervenit
849 2920 892 2982 ad
912 2919 1068 2984 virtutem
1090 2920 1283 2999 regitivam,
1306 2919 1522 3002 quemadmo-

371 3018 372 3021 '
447 3029 528 3092 dum
556 3047 624 3093 non
654 3029 878 3109 dignoscimus
907 3038 1037 3092 motum
1065 3047 1227 3094 manuum
1249 3037 1440 3094 nostrarum
1463 3047 1521 3110 per

446 3138 572 3214 visum,
595 3157 672 3202 cum
695 3139 784 3202 oculi
807 3139 928 3202 fuerint
950 3139 1063 3214 clausi,
1078 3140 1137 3202 sed
1151 3157 1210 3219 per
1224 3140 1520 3212 continuationem,

340 3277 344 3290 ¹
445 3267 532 3328 quae
562 3249 604 3311 ad
634 3250 791 3312 virtutem
823 3249 993 3328 regitivam
1025 3251 1185 3328 pervenit.
1220 3250 1377 3317 Videmus
1406 3257 1520 3314 autem

447 3357 634 3438 quamlibet
652 3376 724 3422 rem
745 3357 923 3421 ridendam
945 3359 1085 3433 moveri,
1108 3367 1166 3422 aut
1186 3377 1262 3422 oum
1284 3360 1375 3424 visus
1392 3360 1521 3424 steterit

443 3467 574 3532 stabilis
595 3469 630 3530 in
652 3469 776 3531 minori
797 3467 1009 3532 sensibilium
1031 3476 1239 3550 temporum,
1262 3476 1297 3533 et
1315 3471 1454 3534 mutatio
1476 3471 1522 3532 vi·

326 3618 329 3623 -
446 3578 556 3642 sibilie
584 3579 670 3640 radii
700 3577 851 3658 quolibet
877 3579 977 3641 modo
1005 3580 1107 3642 luerit
1137 3580 1328 3654 sensibilis,
1357 3586 1415 3644 aut
1442 3597 1521 3643 cum

446 3688 538 3750 visua
568 3687 733 3751 transiens
761 3706 828 3750 non
858 3688 1031 3768 reliquerit
1057 3706 1129 3752 rem
1155 3690 1331 3753 videndam
1354 3691 1396 3754 ad
1417 3697 1522 3770 poste·

445 3798 552 3860 riores
574 3797 685 3860 radios
703 3797 893 3876 quantitate
922 3798 1053 3878 aequali
1075 3800 1262 3879 praedictae
1287 3800 1463 3881 quantitati
1485 3801 1520 3862 in

448 3908 655 3988 temporibus
685 3906 890 3988 aequalibus.
922 3910 1010 3973 licet
1036 3927 1169 3989 quoque
1198 3911 1296 3974 nobie
1322 3926 1521 3989 cognoscere

449 4001 682 4082 distinctiones.
699 4035 816 4090 eorum
840 4037 925 4100 quae
946 4021 1090 4083 diximus
1113 4021 1153 4084 de
1175 4026 1270 4084 motu
1292 4026 1323 4084 et
1346 4021 1457 4101 quiete
1475 4019 1522 4082 ri·

364 4197 368 4206 ,
448 4130 556 4194 sibilis
571 4131 655 4196 radii
668 4149 729 4212 per
743 4129 1006 4196 manifestiorem
1018 4133 1162 4214 praelato
1175 4133 1326 4208 modum,
1337 4132 1522 4196 secundum

450 4241 539 4321 quod
561 4241 740 4324 exposituri
761 4259 892 4308 sumus.
978 4283 981 4290 ,
