3520 5466
451 615 540 790 ffers
557 741 691 808 quoque
707 730 768 802 est,
782 724 875 807 quod
889 723 934 789 bd
952 729 1003 790 est
1016 741 1104 788 unus
1118 723 1159 788 de
1174 721 1294 788 dextris
1309 722 1424 802 rediis3
1439 724 1529 788 unde

452 843 581 920 oportet
594 857 614 919 p
627 837 766 920 quidem
778 835 883 901 rideri
897 836 932 900 in
948 853 1017 898 nno
1032 833 1126 911 loco,
1144 852 1183 902 eo
1198 834 1288 915 quod
1301 834 1530 920 unusquisque

364 1013 369 1020 ,
451 947 561 1012 axium
578 949 640 1011 'est
668 947 785 1012 ordine
812 945 934 1010 similis
965 943 1075 1023 alteri3
1102 945 1223 1008 dvero
1246 945 1343 1008 dehet
1367 943 1472 1008 videri
1492 945 1529 1007 in

450 1058 581 1122 duobus
606 1055 712 1132 locis,
740 1057 901 1138 quoniam
926 1059 977 1120 od
1004 1061 1055 1120 ert
1076 1054 1189 1118 radius
1210 1053 1344 1118 sinister
1365 1054 1406 1118 de
1428 1054 1529 1119 radiis

380 1221 383 1227 .
451 1166 575 1230 sinistri
601 1165 710 1246 oculi;
736 1165 848 1230 radius
875 1166 1063 1230 autemid
1090 1165 1202 1230 dexter
1230 1164 1271 1228 de
1295 1163 1399 1228 radiis
1426 1165 1528 1229 dextri

450 1275 553 1340 oculi.
567 1277 744 1358 demergo
761 1275 939 1366 texerimus
954 1274 1128 1342 sinistrum
1143 1273 1293 1352 oculum,
1308 1276 1529 1340 abscondetur

453 1361 599 1463 sinister,
620 1393 656 1452 et
677 1405 753 1451 cum
773 1387 927 1452 dextrum
949 1386 1084 1450 oculum
1106 1385 1292 1461 texerimus,
1311 1387 1531 1450 abscondetur

449 1495 570 1560 dexter.
602 1497 688 1562 Etsi
716 1495 953 1567 tetenderhnue
979 1514 1056 1560 cum
1077 1497 1151 1558 visu
1171 1502 1284 1560 nostro
1306 1495 1348 1559 ad
1367 1497 1410 1572 d,
1431 1495 1490 1558 fiet
1511 1514 1530 1558 e

449 1619 621 1686 convers03
643 1608 734 1688 quod
755 1590 999 1672 demonstretur
1013 1605 1094 1688 quia
1114 1607 1163 1670 cd
1184 1612 1218 1670 et
1239 1605 1288 1670 dd
1310 1613 1409 1670 erunt
1429 1624 1529 1687 super

364 1711 371 1722 '
450 1737 541 1797 axes3
561 1718 726 1784 videbitur
747 1717 859 1800 itaque
881 1720 901 1783 d
922 1737 1010 1782 unns
1033 1725 1066 1784 et
1085 1738 1104 1798 9
1126 1718 1214 1794 duo,
1236 1718 1396 1799 qnoniam
1411 1718 1530 1782 accidit

449 1847 498 1908 op
519 1844 591 1892 esre
613 1847 719 1892 unum
738 1829 779 1894 de
797 1828 899 1892 radiis
913 1828 1035 1894 dextris
1050 1828 1174 1893 sinistri
1188 1827 1292 1903 oculi,
1307 1833 1339 1891 et
1360 1830 1407 1908 dp
1421 1847 1528 1892 unum

450 1937 492 2003 de
511 1937 614 2004 radiis
641 1938 785 2004 sinistris
814 1938 918 2001 dextri
945 1937 1055 2018 oculi;
1084 1946 1116 2004 et
1141 1937 1217 2002 ideo
1241 1955 1438 2002 econverso
1467 1939 1528 2013 fit,

450 2065 551 2130 quem
580 2046 665 2114 illud
696 2049 786 2130 qnod
814 2048 905 2130 prius
936 2047 1078 2124 eccidit,
1116 2047 1268 2112 videlicet
1299 2048 1328 2110 si
1357 2047 1529 2112 sinistrum

449 2158 585 2224 oculum
606 2159 800 2235 texerimus,
823 2159 1044 2224 abscondetur
1064 2158 1100 2222 id
1120 2159 1211 2240 quod
1230 2157 1268 2220 in
1291 2157 1402 2222 dextro
1424 2157 1527 2224 latere

448 2269 577 2332 videtur
604 2286 662 2349 per
690 2269 821 2332 redium
848 2287 918 2349 cp,
946 2276 979 2332 et
1003 2269 1033 2332 si
1062 2268 1239 2332 texerimus
1264 2267 1416 2331 dextrum
1444 2287 1527 2334 ocu·

449 2378 581 2452 lorum,
609 2379 827 2444 abscondetur
848 2379 938 2460 quod
964 2380 999 2441 in
1028 2378 1161 2444 sinistro
1188 2378 1290 2444 latere
1312 2377 1441 2444 videtur
1467 2397 1528 2462 per

449 2488 582 2552 rodium
605 2489 659 2569 dp.
1471 2480 1478 2490 '

489 2599 526 2663 Si
546 2613 623 2664 vero
644 2605 795 2679 aspectus
818 2604 932 2664 noster
954 2598 1029 2664 talis
1051 2597 1166 2674 luerit,
1189 2599 1280 2680 quod
1301 2599 1434 2682 utrique
1453 2617 1528 2664 axes

448 2706 585 2772 insimul
606 2725 675 2772 non
698 2708 877 2772 ceciderint
898 2725 998 2788 super
1019 2726 1092 2772 rern
1114 2707 1299 2784 videndam,
1322 2711 1380 2774 sed
1401 2711 1526 2774 tuerint

449 2831 550 2880 sensu
577 2817 857 2899 aeqrridistantes,
886 2816 990 2881 veluti
1012 2837 1081 2898 cp,
1105 2819 1154 2882 id
1181 2819 1247 2898 (dp.
1272 2818 1336 2895 2),
1364 2819 1528 2884 videbitur

438 2927 678 3009 'unusquisque
699 2927 927 3010 cylindrorum
947 2927 1027 3004 duo,
1044 2929 1230 2992 secundum
1246 2928 1418 3011 principie,
1441 2949 1526 3012 quae

450 3039 709 3120 praeposuimus.
742 3041 838 3103 litut
859 3038 923 3102 hoc
950 3045 1062 3120 pateat
1083 3045 1116 3102 et
1137 3039 1403 3115 demonstretur,
1430 3040 1528 3104 debet

450 3165 523 3212 esse
544 3148 770 3229 cylindrorum
792 3149 1020 3230 propinquior,
1042 3166 1142 3230 super
1163 3166 1229 3230 quo
1243 3155 1293 3214 est
1306 3151 1327 3225 l,
1342 3149 1447 3227 elhus,
1469 3169 1526 3214 re-

449 3259 571 3322 motior
592 3263 719 3335 autern,
741 3277 841 3340 super
862 3277 928 3339 quo
952 3265 1001 3322 est
1021 3277 1071 3334 m,
1091 3259 1194 3338 niger.
1223 3258 1426 3324 videbuntur
1448 3277 1525 3340 ergo

449 3367 565 3448 puncti
579 3369 601 3443 l,
614 3387 647 3430 m
661 3369 695 3430 in
712 3368 841 3432 duobus
856 3368 938 3434 locis
955 3386 993 3431 ex
1008 3367 1167 3432 lateribus
1181 3367 1341 3446 locorum,
1353 3369 1389 3432 in
1404 3371 1525 3450 quihus

450 3484 528 3540 sunt
554 3479 668 3558 puncti
698 3481 723 3554 l,
743 3497 787 3541 m.
817 3478 851 3542 si
874 3497 952 3558 ergo
975 3478 1150 3542 texerimus
1172 3478 1308 3544 oculum
1335 3479 1525 3556 sinistrum,

449 3587 693 3651 abscondentur
714 3589 845 3669 utrique
868 3587 1011 3670 cylindri
1032 3590 1091 3670 qui
1112 3590 1148 3652 in
1171 3589 1283 3654 dextro
1306 3590 1409 3654 latere
1431 3597 1524 3670 sunt;

449 3697 478 3760 si
500 3715 576 3762 vero
598 3697 748 3762 dextrum
770 3698 903 3762 oculum
920 3700 1107 3776 texerimus,
1122 3700 1366 3764 abscondentur
1381 3701 1524 3782 cylindri

449 3808 507 3888 qui
528 3808 564 3870 in
586 3807 719 3872 sinistro
741 3807 844 3873 latere
867 3815 953 3872 sunt.
969 3809 1133 3884 Quoniam
1146 3810 1230 3873 redii
1250 3813 1299 3887 ol,
1322 3830 1391 3885 am,
1406 3813 1451 3885 bl,
1469 3813 1525 3876 dm

449 3934 525 3980 oum
539 3918 688 3999 producti
704 3919 838 3993 fuerint,
853 3919 1009 3983 distantis
1022 3920 1158 4001 quidem
1175 3921 1216 3983 cl
1232 3920 1295 3984 erit
1308 3939 1421 3985 versus
1436 3919 1523 3986 latus

450 4029 600 4092 dextrum
626 4029 732 4110 magis
759 4048 858 4111 quarn
888 4032 1045 4096 distantia
1069 4051 1151 4108 cm,
1178 4038 1210 4096 ot
1239 4031 1395 4098 distentia
1417 4035 1456 4097 bl
1482 4034 1524 4097 ad

449 4138 536 4204 letus
546 4139 723 4208 sinistrum
744 4141 849 4222 magis
864 4160 966 4223 quam
985 4143 1146 4208 distantia
1160 4145 1236 4222 dm,
1259 4150 1292 4210 et
1312 4143 1360 4210 sic
1374 4162 1431 4227 por
1447 4162 1524 4211 ocu·
