3512 5456
1267 623 1327 690 157

257 729 289 796 ei
317 735 349 794 el
376 729 586 813 superficiei,
616 732 649 794 in
679 751 744 812 qna
766 733 954 814 refringitur
975 733 1113 798 risibilis
1135 735 1267 810 radius,
1289 737 1327 799 li·

260 859 356 906 neam
378 846 443 922 cip
467 849 474 918 l
485 843 533 921 Μ.
558 841 619 915 86)
644 850 675 905 el
696 845 762 905 dle
783 845 1089 924 perpendicularem
1112 863 1212 926 super
1231 861 1326 920 eam,

260 961 292 1014 et
312 957 353 1014 eb
377 953 537 1017 visibilem
561 954 705 1024 redium,
730 963 761 1014 et
774 953 908 1016 radium
925 955 1098 1018 refractum
1115 957 1155 1018 ad
1173 957 1326 1036 aequales

260 1065 395 1142 angulos
422 1067 482 1136 ab,
513 1068 578 1136 bl,
610 1075 640 1126 et
667 1068 708 1126 di
738 1067 918 1127 secundum
948 1065 1046 1128 sicum
1077 1067 1259 1140 directum,
1289 1071 1326 1127 ab

260 1182 369 1236 aulem
392 1178 571 1237 secundnm
597 1176 697 1236 situm
719 1175 907 1256 proclivem.
935 1177 997 1236 urit
1014 1193 1089 1256 ergo
1106 1176 1326 1256 angulus-din

262 1285 344 1346 sicul
373 1278 513 1363 angulus
534 1287 625 1358 dcc,
654 1294 686 1348 el
715 1286 855 1368 angulus
877 1287 945 1348 abd
974 1288 1059 1350 sicut
1087 1286 1226 1368 angulus
1246 1291 1327 1367 yid.

261 1397 341 1457 dum
367 1395 466 1474 igilur
486 1397 521 1456 in
543 1393 681 1458 flexione
703 1395 800 1459 luerit
820 1401 984 1476 protracta
1006 1395 1173 1477 quaelihet
1193 1413 1330 1480 perpen-

261 1504 415 1568 dicularis
438 1525 456 1568 a
477 1506 519 1568 di
543 1523 641 1586 super
662 1505 966 1586 perpendicularem
980 1508 1037 1580 de,
1060 1513 1116 1570 aul
1134 1525 1172 1570 ex
1186 1509 1226 1592 qb
1241 1523 1327 1588 quae

262 1623 312 1679 εει
332 1614 507 1696 proclivis,
535 1615 564 1678 ai
585 1615 695 1680 taliter
715 1617 836 1689 merit,
864 1615 900 1678 lil
921 1635 997 1680 cum
1020 1617 1112 1680 linea
1133 1619 1172 1678 de
1191 1619 1226 1680 in
1250 1633 1331 1699 pun·

261 1733 313 1788 cic
336 1728 352 1788 ι
374 1725 511 1805 angulus
533 1728 608 1790 abd.
628 1727 694 1788 llril
716 1745 791 1807 ergo
815 1728 995 1790 secundnm
1017 1727 1232 1792 directionem
1255 1728 1327 1808 qui·

262 1837 336 1900 dem
352 1838 393 1898 ab
414 1855 513 1917 super
529 1838 576 1910 ld,
599 1837 781 1900 secundum
807 1837 1023 1901 directionem
1045 1839 1213 1901 autemid
1233 1851 1331 1920 super

263 1947 318 2021 br.
347 1945 385 2010 el'
404 1947 584 2011 secundum
610 1947 748 2010 modum
776 1945 875 2010 istum
907 1955 1032 2010 cantum
1061 1949 1124 2010 erit
1144 1947 1328 2030 unusquis·

262 2075 325 2139 que
357 2056 552 2137 angulorum
580 2059 656 2132 cde,
689 2059 745 2122 ebs
777 2057 924 2138 aequalis
950 2058 1069 2138 angulo
1098 2059 1189 2132 abd,
1217 2059 1274 2122 sed
1302 2059 1332 2122 ei

263 2168 417 2231 transitus
439 2173 526 2231 esset
546 2185 643 2248 super
667 2169 745 2242 ιιι,
771 2167 959 2231 nullatenus
981 2167 1074 2232 fleret
1095 2169 1173 2232 inde
1195 2167 1331 2242 lraclic,

262 2295 338 2342 cum
360 2277 500 2358 oppositi
522 2277 634 2357 anguli
655 2279 722 2340 sini
739 2278 906 2359 aequales;
927 2279 956 2340 si
971 2295 1046 2341 vero
1062 2278 1219 2342 transilus
1239 2276 1333 2343 lieret

262 2407 322 2470 per
342 2389 398 2463 dl,
420 2387 526 2469 primo
553 2389 687 2467 quidem
714 2405 922 2469 nequaquem
944 2388 1022 2452 inde
1044 2389 1206 2453 accideret
1228 2369 1349 2453 diver·⁴

263 2501 342 2563 silas
363 2499 450 2562 inter
470 2497 684 2573 fractionem,
710 2517 794 2580 quae
816 2499 855 2560 ill
876 2517 896 2562 a
916 2498 1082 2562 subtiliori
1104 2515 1237 2581 corpore
1260 2507 1293 2564 ei
1313 2519 1340 2564 a

263 2609 433 2689 grossiori;
454 2609 517 2672 hcc
532 2608 621 2672 enim
639 2609 676 2673 ill
690 2627 711 2672 a
724 2608 984 2690 perpendiculari
1001 2613 1138 2684 lanium,
1151 2611 1217 2675 sire
1233 2601 1328 2692 quasi

263 2737 393 2784 sensum
414 2727 501 2783 recle
524 2721 566 2784 sil
588 2719 757 2784 declinans
779 2719 815 2782 in
837 2727 975 2801 utraque
997 2719 1128 2802 specie,
1155 2722 1243 2802 qucd
1264 2737 1331 2784 nun

265 2837 313 2895 eal
334 2830 531 2895 necessario.

305 2943 427 3005 lterum
449 2942 637 3005 coniunctio
654 2941 986 3022 perpendiculum,
1001 2959 1086 3023 quae
1101 2940 1185 3006 flunt
1200 2959 1238 3006 ex
1251 2959 1333 3006 rma·

264 3069 392 3134 quaque
420 3069 547 3129 earum,
576 3059 610 3116 ei
636 3051 744 3116 lineae
771 3052 939 3115 radiorum
960 3069 1020 3134 per
1041 3053 1332 3133 quoe-invenimus

265 3164 376 3228 locum
396 3162 521 3227 formae
542 3163 591 3226 rei
613 3179 744 3243 semper
763 3161 877 3242 ulique
900 3171 989 3226 extra
1009 3179 1128 3244 corpus
1151 3161 1243 3227 illud.
1270 3163 1333 3228 Nos

265 3282 374 3340 aulem
402 3275 592 3336 invenimus
621 3274 709 3353 quod
737 3289 855 3352 corpus
886 3273 1033 3336 continet
1060 3273 1222 3348 formam,
1252 3289 1332 3354 quc·

266 3385 356 3448 niam
375 3382 652 3465 perpendicularis
665 3400 751 3462 quae
767 3383 913 3464 procedil
929 3401 948 3446 a
963 3383 1111 3464 qualibet
1125 3389 1332 3465 punctorum,

266 3495 324 3578 qui
346 3501 422 3559 sunl
442 3511 542 3575 super
562 3496 596 3557 ιι
618 3495 714 3568 adr,
735 3501 773 3556 ut
785 3493 1068 3575 perpendicularis
1082 3495 1171 3567 lim.
1194 3493 1279 3558 sicul
1299 3495 1335 3557 lii
1438 3531 1439 3536 κ

265 3621 395 3687 semper
415 3605 450 3668 in
474 3604 635 3668 effusione
656 3603 794 3667 visibilis
817 3605 922 3678 redii,
950 3604 1099 3684 iungitur
1119 3621 1195 3667 cum
1217 3605 1281 3680 br,
1304 3613 1336 3668 et

267 3719 402 3797 insuper
413 3715 573 3778 accideret
590 3714 689 3778 etiam
707 3731 822 3778 omnes
838 3714 983 3778 visibiles
999 3713 1109 3777 radios
1123 3715 1335 3794 procedentes

269 3833 430 3908 apunclc
452 3845 471 3888 a
492 3841 621 3906 semper
642 3823 715 3887 fleri
736 3825 769 3886 in
792 3842 861 3888 uno
874 3831 1012 3904 puncto,
1034 3823 1130 3887 cuius
1143 3822 1335 3889 dictamina

267 3936 439 4019 superficie
462 3937 501 3998 dc
524 3953 589 4014 qua
611 3935 648 3996 nt
669 3934 798 4008 nautio,
816 3942 866 3998 cst
884 3935 969 3998 sicul
985 3934 1137 3998 distantia
1157 3933 1257 4008 risus,
1279 3935 1336 4015 qui

268 4057 319 4111 est
352 4065 450 4127 super
482 4044 786 4126 perpendicularem
821 4063 880 4125 per
916 4063 1016 4125 quam
1051 4030 1188 4118 transit,
1221 4052 1259 4107 ul
1287 4045 1335 4108 di·
1405 4119 1406 4124 ἵ

261 4156 462 4231 ¹stantia-lca,
477 4173 553 4220 cum
568 4154 669 4219 fuerin
679 4155 786 4236 posita
800 4173 902 4235 super
913 4155 1078 4220 risibilem
1094 4157 1222 4220 redium
1234 4171 1334 4236 penes
